@misc{IntelTerascale,
 author = {{Intel Tera-scale Computing Research Program}},
 title = {\url{http://www.intel.com/research/platform/terascale}},
}

@misc{OpenStreetMap,
 author = {{OpenStreetMap}},
 title = {\url{http://www.openstreetmap.org}},
}

@article{abellan:tpds12:cmp-barrier,
 author = {Abell{\'a}n, Jos{\'e} L. and Fern{\'a}ndez, Juan and Acacio, Manuel E.},
 journal = {IEEE Transactions on Parallel and Distributed Systems},
 number = {8},
 title = {Efficient Hardware Barrier Synchronization in Many-Core {CMPs}},
 volume = {23},
 year = {2012},
}

@inproceedings{abeydeera:pact17:sam,
 author = {Abeydeera, Maleen and Subramanian, Suvinay and Jeffrey, Mark C and Emer, Joel and Sanchez, Daniel},
 crossref = {pact17},
 title = {{SAM: Optimizing multithreaded cores for speculative parallelism}},
}

@inproceedings{acar:spaa00:stealing-locality,
 author = {Acar, Umut A. and Blelloch, Guy E. and Blumofe, Robert D.},
 crossref = {spaa00},
 title = {{The data locality of work stealing}},
}

@inproceedings{agarwal:isca00:end_of_the_road,
 author = {Agarwal, V. and Hrishikesh, M.S. and Keckler, Steven W. and Burger, D.},
 booktitle = {Proc. of the 27th annual Intl. Symp. on Computer Architecture},
 title = {Clock rate versus {IPC}: the end of the road for conventional microarchitectures},
 year = {2000},
}

@inproceedings{agarwal:isca88:dir-eval,
 author = {Agarwal, A. and Simoni, R. and Hennessy, J. and Horowitz, M.},
 booktitle = {Proc. of the 15th annual Intl. Symp. on Computer Architecture},
 title = {{An evaluation of directory schemes for cache coherence}},
 year = {1988},
}

@inproceedings{agarwal:isca93:column_assoc,
 author = {Agarwal, Anant and Pudar, Stephen D.},
 booktitle = {Proc. of the 20th annual Intl. Symp. on Computer Architecture},
 title = {Column-associative caches: a technique for reducing the miss rate of direct-mapped caches},
 year = {1993},
}

@article{agarwal:isca95:alewife,
 author = {Agarwal, Anant and Bianchini, Ricardo and Chaiken, David and Johnson, Kirk L. and Kranz, David and Kubiatowicz, John and Lim, Beng-Hong and Mackenzie, Kenneth and Yeung, Donald},
 journal = {Proc. of the 22nd annual Intl. Symp. on Computer Architecture},
 title = {The {MIT} {A}lewife machine: architecture and performance},
 year = {1995},
}

@inproceedings{agarwal:ispass09:garnet,
 author = {Agarwal, Niket and Krishna, Tushar and Peh, Li-Shiuan and Jha, Niraj K.},
 crossref = {ispass09},
 title = {{GARNET}: A detailed on-chip network model inside a full-system simulator},
}

@inproceedings{agarwal:spaa07:x10-places,
 author = {Agarwal,, Shivali and Barik,, Rajkishore and Bonachea,, Dan and Sarkar,, Vivek and Shyamasundar,, Rudrapatna K. and Yelick,, Katherine},
 crossref = {spaa07},
 title = {Deadlock-free scheduling of {X}10 computations with bounded resources},
}

@inproceedings{agrawal:ppopp08:xconflict,
 author = {Agrawal, Kunal and Fineman, Jeremy T. and Sukha, Jim},
 crossref = {ppopp08},
 title = {{Nested parallelism in transactional memory}},
}

@book{aho:book06:dragonbook,
 author = {Alfred V. Aho and Monica S. Lam and Ravi Sethi and Jeffrey D. Ullman},
 edition = {2},
 title = {Compilers: Principles, Techniques, \& Tools},
 year = {2006},
}

@inproceedings{akesson:date11:mc-tdm,
 author = {Akesson, B. and Goossens, K.},
 booktitle = {Proc. of Design, Automation \& Test in Europe},
 title = {Architectures and modeling of predictable memory controllers for improved system integration},
 year = {2011},
}

@inproceedings{alameldeen:hpca03:variability,
 author = {Alaa R. Alameldeen and David A. Wood},
 booktitle = {Proc. of the 9th intl. symp. on High-Performance Computer Architecture},
 title = {Variability in Architectural Simulations of Multi-Threaded Workloads},
 year = {2003},
}

@article{alameldeen:ieeemicro06:ipc-harmful,
 author = {Alameldeen, Alaa and Wood, David},
 journal = {IEEE Micro},
 number = {4},
 title = {{IPC} Considered Harmful for Multiprocessor Workloads},
 volume = {26},
 year = {2006},
}

@inproceedings{alistarh:ppopp15:spraylist,
 author = {Alistarh, Dan and Kopinsky, Justin and Li, Jerry and Shavit, Nir},
 crossref = {ppopp15},
 title = {{The SprayList: A scalable relaxed priority queue}},
}

@inproceedings{alkadi:hipeac09:h264hw,
 author = {Al-Kadi, Ghiath and Terechko, Andrei Sergeevich},
 booktitle = {Proc. of the 4th intl. conf. on High Performance and Embedded Architectures and Compilers},
 title = {A Hardware Task Scheduler for Embedded Video Processing},
 year = {2009},
}

@manual{analogbits:datasheet11:tcam,
 link = {http://www.analogbits.com/pdf/28nm_TCAM_Product_Brief.pdf},
 organization = {Analog Bits},
 title = {{4096x128 ternary CAM datasheet (28nm)}},
 year = {2011},
}

@inproceedings{ananian:hpca05:utm,
 author = {Ananian, C. Scott and Asanovi{\'c}, Krste and Kuszmaul, Bradley C. and Leiserson, Charles E. and Lie, Sean},
 crossref = {hpca05},
 title = {{Unbounded transactional memory}},
}

@inproceedings{anderson:spaa92:parallel-maxflow,
 author = {Anderson, Richard J. and Setubal, Jo{\~a}o C.},
 crossref = {spaa92},
 title = {{On the parallel implementation of Goldberg's maximum flow algorithm}},
}

@inproceedings{ang:hipc96:start-messaging,
 author = {Ang, B. and Chiou, D. and Rudolf, L. and Arvind},
 booktitle = {Proc. of the 5th intl. conf. on High Performance Computing},
 title = {Message Passing Support on {StarT-Voyager}},
 year = {1998},
}

@inproceedings{ang:hipc98:mp-start-voyager,
 author = {Ang, Boon S. and Chiou, Derek and Rudolph, Larry and Arvind},
 booktitle = {Proc. HIPC},
 title = {Message passing support on StarT-Voyager},
 year = {1998},
}

@inproceedings{ansari:hipeac09:steal-on-abort,
 author = {Ansari, Mohammad and Luj{\'a}n, Mikel and Kotselidis, Christos and Jarvis, Kim and Kirkham, Chris and Watson, Ian},
 crossref = {hipeac09},
 title = {{Steal-on-abort: Improving transactional memory performance through dynamic transaction reordering}},
}

@inproceedings{ansel2009petabricks,
 author = {Ansel, Jason and Chan, Cy and Wong, Yee Lok and Olszewski, Marek and Zhao, Qin and Edelman, Alan and Amarasinghe, Saman},
 booktitle = {Proc. PLDI},
 title = {PetaBricks: a language and compiler for algorithmic choice},
 year = {2009},
}

@book{appel:book92:compiling-continuations,
 author = {Adrew W. Appel},
 publisher = {Cambridge university press},
 title = {Compiling with Continuations},
 year = {1992},
}

@inproceedings{appel:plilp91:sml-nj,
 author = {Andrew W. Appel and David B. MacQueen},
 booktitle = {Proc. of the 3rd Intl. Symp. on Programming Language Implementation and Logic Programming},
 title = {{Standard ML of New Jersey}},
 year = {1991},
}

@inproceedings{arora:spaa98:nonblocking-stealing,
 author = {Arora,, Nimar S. and Blumofe,, Robert D. and Plaxton,, C. Greg},
 booktitle = {Proc. of the 10th annual ACM Symp. on Parallel Algorithms and Architectures},
 title = {Thread scheduling for multiprogrammed multiprocessors},
 year = {1998},
}

@article{arvind:ieeemicro10:programming-multicores,
 author = {Arvind and August, David and Pingali, Keshav and Chiou, Derek and Sendag, Resit and Joshua, J Yi},
 journal = {IEEE Micro},
 number = {3},
 title = {{Programming multicores: Do applications programmers need to write explicitly parallel programs?}},
 year = {2010},
}

@inproceedings{arvind:isca05:passing-the-token,
 author = {Arvind, Dataflow},
 crossref = {isca05},
 title = {{Passing the token}},
}

@inproceedings{asanovic2007transactors,
 author = {Asanovic, Krste},
 booktitle = {IEEE International High Level Design Validation and Test Workshop},
 title = {Transactors for parallel hardware and software co-design},
 year = {2007},
}

@inproceedings{aspnes:vldb88:timestamp-cc,
 author = {Aspnes, James and Fekete, Alan and Lynch, Nancy A. and Merritt, Michael and Weihl, William E.},
 booktitle = {Proceedings of the 14th International Conference on Very Large Data Bases},
 title = {{A theory of timestamp-based concurrency control for nested transactions}},
 year = {1988},
}

@inproceedings{austin:isca92:dynamic-ilp,
 author = {Austin, Todd and Sohi, Gurindar},
 crossref = {isca92},
 title = {{Dynamic dependency analysis of ordinary programs}},
}

@inproceedings{aydonat:micro10:sontm,
 author = {Aydonat, Utku and Abdelrahman, Tarek S},
 crossref = {micro10},
 title = {{Hardware support for relaxed concurrency control in transactional memory}},
}

@inproceedings{bachmann:issac94:chrecs,
 author = {Olaf Bachmann and Paul S. Wang and Eugene V. Zima},
 booktitle = {Proc. of the Intl. Symp. on Symbolic and Algebraic Computation},
 title = {Chains of recurrences - a method to expedite the evaluation of closed-form functions},
 year = {1994},
}

@inproceedings{bader:pdcs05:maxflow,
 author = {David A. Bader and Vipin Sachdeva},
 booktitle = {Proc. 18th intl. conf. on Parallel and Distributed Computing Systems},
 title = {A Cache-Aware Parallel Implementation of the Push-Relabel Network Flow Algorithm and Experimental Evaluation of the Gap Relabeling Heuristic},
 year = {2005},
}

@inproceedings{baek:ics10:fantm,
 author = {Baek, Woongki and Bronson, Nathan and Kozyrakis, Christos and Olukotun, Kunle},
 crossref = {ics10},
 title = {{Making nested parallel transactions practical using lightweight hardware support}},
}

@inproceedings{baek:pact07:opentm,
 author = {Baek, Woongki and Minh, Chi Cao and Trautmann, Martin and Kozyrakis, Christos and Olukotun, Kunle},
 crossref = {pact07},
 title = {{The OpenTM transactional application programming interface}},
}

@inproceedings{baek:spaa10:nestm,
 author = {Baek, Woongki and Bronson, Nathan and Kozyrakis, Christos and Olukotun, Kunle},
 crossref = {spaa10},
 title = {{Implementing and evaluating nested parallel transactions in software transactional memory}},
}

@inproceedings{balfour:ics06:noc-tradeoffs,
 author = {James Balfour and William J. Dally},
 booktitle = {Proc. of the 20th annual Intl. Conf. on Supercomputing},
 title = {Design tradeoffs for tiled {CMP} on-chip networks},
 year = {2006},
}

@inproceedings{barnes:pads13:warp-speed,
 author = {Barnes Jr, Peter and Carothers, Christopher and Jefferson, David R. and LaPre, Justin},
 booktitle = {PADS},
 title = {Warp speed: executing time warp on 1,966,080 cores},
 year = {2013},
}

@article{barroso:computer07:energy-proportional,
 author = {Barroso, L.A. and Holzle, U.},
 journal = {IEEE Computer},
 number = {12},
 pages = {33--37},
 title = {The case for energy-proportional computing},
 volume = {40},
 year = {2007},
}

@inproceedings{barroso:isca00:piranha,
 author = {Barroso, L.A. and Gharachorloo, K. and McNamara, R. and Nowatzyk, A. and Qadeer, S. and Sano, B. and Smith, S. and Stets, R. and Verghese, B.},
 booktitle = {Proc. of the 27th annual Intl. Symp. on Computer Architecture},
 title = {{Piranha: A scalable architecture based on single-chip multiprocessing}},
 year = {2000},
}

@inproceedings{barroso:isca98:commercial-workloads,
 author = {Barroso, L.A. and Gharachorloo, K. and Bugnion, E.},
 booktitle = {Proc. of the 25th annual Intl. Symp. on Computer Architecture},
 title = {Memory system characterization of commercial workloads},
 year = {1998},
}

@inproceedings{basu:micro07:scavenger,
 author = {Basu, Arkaprava and Kirman, Nevin and Kirman, Meyrem and Chaudhuri, Mainak and Martinez, Jose},
 booktitle = {Proc. of the 40th annual IEEE/ACM intl symp. on Microarchitecture},
 title = {Scavenger: A New Last Level Cache Architecture with Global Block Priority},
 year = {2007},
}

@article{batagelj:corr02:generalized-cores,
 author = {Vladimir Batagelj and Matjaz Zaversnik},
 journal = {CoRR},
 title = {Generalized Cores},
 volume = {cs.DS/0202039},
 year = {2002},
}

@inproceedings{baugh:ispass08:iosyscalltm,
 author = {Lee Baugh and Craig Zilles},
 crossref = {ispass08},
 title = {{An analysis of I/O and syscalls in critical sections and their implications for transactional memory}},
}

@incollection{baumstark:esa15:parallel-maxflow,
 author = {Baumstark, Niklas and Blelloch, Guy and Shun, Julian},
 booktitle = {Proc. ESA},
 title = {{Efficient implementation of a synchronous parallel push-relabel algorithm}},
 year = {2015},
}

@inproceedings{beckmann:asplos04:wire-delay,
 author = {Beckmann, B.M. and Wood, D.A.},
 booktitle = {Proc. of the 37th intl. symp. on Microarchitecture},
 title = {Managing wire delay in large chip-multiprocessor caches},
 year = {2004},
}

@inproceedings{beckmann:micro06:asr,
 author = {Beckmann, B.M. and Marty, M.R. and Wood, D.A.},
 booktitle = {Proc. of the 39th intl. symp. on Microarchitecture},
 title = {{ASR: Adaptive selective replication for CMP caches}},
 year = {2006},
}

@inproceedings{beckmann:pact13:jigsaw,
 author = {Nathan Beckmann and Daniel Sanchez},
 booktitle = {Proc. of the 22nd international conference on Parallel Architectures and Compilation Techniques},
 title = {{Jigsaw: Scalable Software-Defined Caches}},
 year = {2013},
}

@inproceedings{beckmann:sc90:hw-barrier,
 author = {Beckmann, Carl J and Polychronopoulos, Constantine D},
 crossref = {sc90},
 title = {{Fast barrier synchronization hardware}},
}

@article{belady:isj66:opt,
 author = {Belady, L. A.},
 journal = {IBM Syst. J.},
 number = {2},
 title = {A study of replacement algorithms for a virtual-storage computer},
 volume = {5},
 year = {1966},
}

@inproceedings{bell:isscc08:tilera,
 author = {Bell, S. and Edwards, B. and Amann, J. and Conlin, R. and Joyce, K. and Leung, V. and MacKay, J. and Reif, M. and Liewei Bao and Brown, J. and Mattina, M. and Chyi-Chang Miao and Ramey, C. and Wentzlaff, D. and Anderson, W. and Berger, E. and Fairbanks, N. and Khan, D. and Montenegro, F. and Stickney, J. and Zook, J.},
 booktitle = {Intl. Solid-State Circuits Conf.},
 title = {{TILE}64 Processor: A 64-Core {SoC} with Mesh Interconnect},
 year = {2008},
}

@inproceedings{bennet:kddcup07:netflix-prize,
 author = {James Bennett and Stan Lanning},
 booktitle = {KDD Cup and Workshop},
 link = {https://www.cs.uic.edu/~liub/Netflix-KDD-Cup-2007.html},
 title = {The {N}etflix Prize},
 year = {2007},
}

@inproceedings{berenson:sigmod95:si,
 author = {Berenson, Hal and Bernstein, Phil and Gray, Jim and Melton, Jim and O'Neil, Elizabeth and O'Neil, Patrick},
 booktitle = {ACM SIGMOD Record},
 number = {2},
 organization = {ACM},
 pages = {1--10},
 title = {A critique of ANSI SQL isolation levels},
 volume = {24},
 year = {1995},
}

@inproceedings{bergan:isca10:coredet,
 author = {Bergan, Tom and Anderson, Owen and Devietti, Joseph and Ceze, Luis and Grossman, Dan},
 booktitle = {Proc. ISCA},
 title = {CoreDet: a compiler and runtime system for deterministic multithreaded execution},
 year = {2010},
}

@inproceedings{bergan:wodet11:deterministic,
 author = {Bergan, Tom and Devietti, Joseph and Hunt, Nicholas and Ceze, Luis},
 booktitle = {Proc. WoDet},
 title = {The deterministic execution hammer: How well does it actually pound nails?},
 year = {2011},
}

@inproceedings{bhowmik:spaa02:tls-compiler,
 author = {Bhowmik, Anasua and Franklin, Manoj},
 crossref = {spaa02},
 title = {A General Compiler Framework for Speculative Multithreading},
}

@inproceedings{bienia:pact08:parsec,
 author = {Christian Bienia and Sanjeev Kumar and Jaswinder Pal Singh and Kai Li},
 booktitle = {Proc. of the 17th intl. conf. on Parallel Architectures and Compilation Techniques},
 title = {The {PARSEC} Benchmark Suite: Characterization and Architectural Implications},
 year = {2008},
}

@article{binkert:ieeemicro06:m5,
 author = {Binkert,, Nathan L. and Dreslinski,, Ronald G. and Hsu,, Lisa R. and Lim,, Kevin T. and Saidi,, Ali G. and Reinhardt,, Steven K.},
 journal = {IEEE Micro},
 number = {4},
 title = {The {M}5 Simulator: Modeling Networked Systems},
 volume = {26},
 year = {2006},
}

@inproceedings{bird:hotpar11:pacora,
 author = {Bird, S.L. and Smith, B.J.},
 booktitle = {Proc. of the 3rd USENIX workshop of Hot Topics in Parallelism},
 title = {{PACORA: Performance aware convex optimization for resource allocation}},
 year = {2011},
}

@inproceedings{blake:micro09:tm-scheduling,
 author = {Blake, Geoffrey and Dreslinski, Ronald G. and Mudge, Trevor},
 crossref = {micro09},
 title = {{Proactive transaction scheduling for contention management}},
}

@inproceedings{blake:micro11:bfgts,
 author = {Blake, Geoffrey and Dreslinski, Ronald G. and Mudge, Trevor},
 crossref = {micro11},
 title = {{Bloom filter guided transaction scheduling}},
}

@article{blelloch:jacm99:pdf,
 author = {Blelloch,, Guy and Gibbons,, Phillip B. and Matias,, Yossi},
 journal = {J. ACM},
 number = {2},
 title = {Provably efficient scheduling for languages with fine-grained parallelism},
 volume = {46},
 year = {1999},
}

@inproceedings{blelloch:ppopp12:determinism,
 author = {Blelloch, Guy E. and Fineman, Jeremy T. and Gibbons, Phillip B. and Shun, Julian},
 crossref = {ppopp12},
 title = {Internally deterministic parallel algorithms can be fast},
}

@inproceedings{blelloch:ppopp93:nesl,
 author = {Blelloch, Guy E. and Hardwick, Jonathan C. and Chatterjee, Siddhartha and Sipelstein, Jay and Zagha, Marco},
 crossref = {ppopp93},
 title = {{Implementation of a portable nested data-parallel language}},
}

@article{bloom:cacm70:bloomfilter,
 author = {Bloom, Burton H.},
 journal = {Commun. ACM},
 number = {7},
 title = {Space/time trade-offs in hash coding with allowable errors},
 volume = {13},
 year = {1970},
}

@inproceedings{blumofe:focs94:workstealing,
 author = {Robert D. Blumofe and Charles E. Leiserson},
 booktitle = {Proc. of the 35th annual symp. on Foundations of Computer Science},
 title = {Scheduling Multithreaded Computations by Work Stealing},
 year = {1994},
}

@article{blumofe:jacm99:work-stealing,
 author = {Blumofe, Robert D. and Leiserson, Charles E.},
 journal = {Journal of the ACM (JACM)},
 number = {5},
 title = {{Scheduling multithreaded computations by work stealing}},
 volume = {46},
 year = {1999},
}

@techreport{blundell.tr06.unrestricted,
 author = {Blundell, Colin and Lewis, E Christopher and Martin, Milo},
 institution = {University of Pennsylvania},
 number = {TR-CIS-06-09},
 title = {{Unrestricted transactional memory: Supporting I/O and system calls within transactions}},
 year = {2006},
}

@article{blundell:cal06:strongatomicity,
 author = {Colin Blundell and E. Christopher Lewis and Milo M. K. Martin},
 journal = {IEEE Computer Architecture Letters},
 number = {2},
 title = {Subtleties of transactional memory atomicity semantics},
 volume = {5},
 year = {2006},
}

@inproceedings{blundell:isca07:onetm,
 author = {Blundell, Colin and Devietti, Joe and Lewis, E. Christopher and Martin, Milo M. K.},
 crossref = {isca07},
 title = {{Making the fast case common and the uncommon case simple in unbounded transactional memory}},
}

@techreport{blundell:tr06:unrestricted,
 author = {Blundell, Colin and Lewis, E Christopher and Martin, Milo},
 institution = {University of Pennsylvania},
 number = {TR-CIS-06-09},
 title = {{Unrestricted transactional memory: Supporting I/O and system calls within transactions}},
 year = {2006},
}

@inproceedings{bobba:isca07:tm-pathologies,
 author = {Bobba, Jayaram and Moore, Kevin E. and Volos, Haris and Yen, Luke and Hill, Mark D. and Swift, Michael M. and Wood, David A.},
 crossref = {isca07},
 title = {Performance pathologies in hardware transactional memory},
}

@inproceedings{bobba:isca08:tokentm,
 author = {Bobba, Jayaram and Goyal, Neelam and Hill, Mark D. and Swift, Michael M. and Wood, David A.},
 crossref = {isca08},
 title = {{TokenTM: Efficient execution of large transactions with hardware transactional memory}},
}

@inproceedings{bocchino:ppopp08:cluster-stm,
 author = {Bocchino, Robert L. and Adve, Vikram S. and Chamberlain, Bradford L.},
 crossref = {ppopp08},
 title = {{Software transactional memory for large scale clusters}},
}

@inproceedings{bohr:iedm95:interconnect_scaling,
 author = {Bohr, M.T.},
 booktitle = {Proc. of the Intl. Electron Devices Meeting},
 title = {{Interconnect scaling: The real limiter to high-performance ULSI}},
 year = {1995},
}

@article{bohr:sscs07:dennard_retrospective,
 author = {Bohr, M.},
 journal = {IEEE SSCS Newsletter},
 number = {1},
 title = {{A 30 year retrospective on Dennard's MOSFET scaling paper}},
 volume = {12},
 year = {2007},
}

@inproceedings{bondhugula:pldi08:pluto,
 author = {Uday Bondhugula and Albert Hartono
and J. Ramanujam and P. Sadayappan},
 crossref = {pldi08},
 title = {A Practical Automatic Polyhedral Program Optimization System},
}

@inproceedings{borkar:dac07:thousand_core,
 author = {Borkar, Shekhar},
 booktitle = {Proc. of the 44th annual Design Automation Conf.},
 title = {Thousand core chips: a technology perspective},
 year = {2007},
}

@inproceedings{boyd-wickizer:osdi10:linux-scalability,
 author = {Silas Boyd-Wickizer and Austin T. Clements and Yandong Mao and Aleksey Pesterev and M. Frans Kaashoek and Robert Morris and Nickolai Zeldovich},
 booktitle = {Proc. of the 9th {USENIX} {S}ymposium on {O}perating
{S}ystems {D}esign and {I}mplementation},
 title = {{An Analysis of Linux Scalability to Many Cores}},
 year = {2010},
}

@book{boyd:book04:convex,
 author = {Boyd, S. and Vandenberghe, L.},
 publisher = {Cambridge university press},
 title = {Convex optimization},
 year = {2004},
}

@article{bracy:cal06:dac,
 author = {Bracy,, Anne and Doshi,, Kshitij and Jacobson,, Quinn},
 journal = {Comput. Archit. Lett.},
 number = {2},
 title = {Disintermediated Active Communication},
 volume = {5},
 year = {2006},
}

@article{brand:cavw12:ripple-search,
 author = {Brand, Sandy and Bidarra, Rafael},
 journal = {Computer Animation and Virtual Worlds},
 number = {2},
 title = {{Multi-core scalable and efficient pathfinding with Parallel Ripple Search}},
 volume = {23},
 year = {2012},
}

@phdthesis{brehob:msu03:thesis,
 author = {Mark W. Brehob},
 school = {Michigan State University},
 title = {On the Mathematics of Caching},
 year = {2003},
}

@article{brehob:tc04:opt_repl,
 author = {Brehob, M. and Wagner, S. and Torng, E. and Enbody, R.},
 journal = {IEEE Trans. Comput.},
 number = {1},
 title = {{Optimal replacement is NP-Hard for nonstandard caches}},
 volume = {53},
 year = {2004},
}

@inproceedings{bridges:micro07:ybranch,
 author = {Bridges, Matthew and Vachharajani, Neil and Zhang, Yun and Jablin, Thomas and August, David},
 crossref = {micro07},
 title = {Revisiting the Sequential Programming Model for Multi-Core},
}

@inproceedings{brito:debs08:stm-event-processing,
 author = {Andrey Brito and Christof Fetzer and Heiko Sturzrehm and Pascal Felber},
 booktitle = {Proc. of the 2nd intl. conf. on Distributed Event-Based Systems},
 title = {Speculative Out-Of-Order Event Processing with Software Transaction Memory},
 year = {2008},
}

@inproceedings{brown:pact11:delite,
 author = {Brown, K.J. and Sujeeth, A.K. and Lee, H.J. and Rompf, T. and Chafi, H. and Odersky, M. and Olukotun, K.},
 booktitle = {Proc. of the 20th intl. conf. on Parallel Architectures and Compilation Techniques},
 title = {A heterogeneous parallel framework for domain-specific languages},
 year = {2011},
}

@article{burger:computer04:trips,
 author = {Burger, Doug and Keckler, Stephen W. and McKinley, K. ea and Dahlin, Mike and John, Lizy K. and Lin, Calvin and Moore, Charles R. and Burrill, James and McDonald, Robert G. and Yoder, William},
 journal = {Computer},
 number = {7},
 title = {{Scaling to the End of Silicon with EDGE Architectures}},
 volume = {37},
 year = {2004},
}

@inproceedings{butler:isca91:ilp-greater-than-two,
 author = {Butler, Michael and Yeh, Tse-Yu and Patt, Yale and Alsup, Mitch and Scales, Hunter and Shebanow, Michael},
 crossref = {isca91},
 title = {{Single instruction stream parallelism is greater than two}},
}

@inproceedings{caamano:impact17:apollo,
 author = {Martinez Caama{\~n}o, Juan Manuel and Sukumaran-Rajam, Aravind and Baloian, Artiom and Selva, Manuel and Clauss, Philippe},
 booktitle = {Proc. of the 7th International Workshop on Polyhedral Compilation Techniques},
 title = {{APOLLO: Automatic speculative POLyhedral Loop Optimizer}},
 year = {2017},
}

@inproceedings{cain:isca13:power-htm,
 author = {Cain, Harold W and Michael, Maged M and Frey, Brad and May, Cathy and Williams, Derek and Le, Hung},
 crossref = {isca13},
 title = {Robust architectural support for transactional memory in the {Power} architecture},
}

@inproceedings{calciu:ppopp13:numa-rwlocks,
 author = {Calciu, Irina and Dice, Dave and Lev, Yossi and Luchangco, Victor and Marathe, Virendra J. and Shavit, Nir},
 booktitle = {Proc. of the 18th ACM SIGPLAN symposium on Principles and practice of parallel programming},
 title = {{NUMA}-aware reader-writer locks},
 year = {2013},
}

@inproceedings{calder:hpca96:way_prediction,
 author = {Calder, B. and Grunwald, D. and Emer, J.},
 booktitle = {Proc. of the 2nd IEEE symp. on High-Performance Computer Architecture},
 title = {Predictive sequential associative cache},
 year = {1996},
}

@inproceedings{campanoni:cgo12:helix,
 author = {Campanoni, Simone and Jones, Timothy and Holloway, Glenn and Reddi, Vijay Janapa and Wei, Gu-Yeon and Brooks, David},
 crossref = {cgo12},
 title = {{HELIX: automatic parallelization of irregular programs for chip multiprocessing}},
}

@inproceedings{campanoni:cgo15:helix-up,
 author = {Campanoni, Simone and Holloway, Glenn and Wei, Gu-Yeon and Brooks, David},
 crossref = {cgo15},
 title = {{HELIX-UP}: Relaxing Program Semantics to Unleash Parallelization},
}

@inproceedings{campanoni:isca14:helix-rc,
 author = {Campanoni, Simone and Brownell, Kevin and Kanev, Svilen and Jones, Timothy M. and Wei, Gu-Yeon and Brooks, David},
 crossref = {isca14},
 title = {{HELIX-RC}: An Architecture-Compiler Co-Design for Automatic Parallelization of Irregular Programs},
}

@article{canny:tpami86:edge-detection,
 author = {Canny, J},
 journal = {IEEE Trans. Pattern Anal. Mach. Intell.},
 number = {6},
 title = {A computational approach to edge detection},
 volume = {8},
 year = {1986},
}

@inproceedings{cantin:isca05:coarse-grain,
 author = {Cantin, Jason F. and Lipasti, Mikko H. and Smith, James E.},
 booktitle = {Proc. of the 32nd annual Intl. Symp. on Computer Architecture},
 title = {{Improving Multiprocessor Performance with Coarse-Grain Coherence Tracking}},
 year = {2005},
}

@inproceedings{carlson:sc11:sniper,
 author = {Carlson, T.E. and Heirman, W. and Eeckhout, L.},
 booktitle = {Proc. Supercomputing},
 title = {Sniper: Exploring the level of abstraction for scalable and accurate parallel multi-core simulation},
 year = {2011},
}

@techreport{carlson:tr99:upc,
 author = {Carlson, W.W. and Draper, J.M. and Culler, D.E. and Yelick, K. and Brooks, E. and Warren, K.},
 institution = {Center for Computing Sciences, IDA},
 title = {{Introduction to UPC and Language Specification}},
 year = {1999},
}

@inproceedings{carlstrom:ppopp07:tcclasses,
 author = {Carlstrom, Brian D. and McDonald, Austen and Carbin, Michael and Kozyrakis, Christos and Olukotun, Kunle},
 booktitle = {Proc. of the 12th ACM SIGPLAN symposium on Principles and practice of parallel programming},
 title = {Transactional collection classes},
 year = {2007},
}

@inproceedings{carter:stoc77:univ_hashing,
 author = {Carter, J. Lawrence and Wegman, Mark},
 booktitle = {Proc. STOC-9},
 title = {Universal classes of hash functions (Extended abstract)},
 year = {1977},
}

@article{cascaval:cacm08:stm-toy,
 author = {Ca{\c{s}}caval, C{\u{a}}lin and Blundell, Colin and Michael, Maged and Cain, Harold W. and Wu, Peng and Chiras, Stefanie and Chatterjee, Siddhartha},
 journal = {ACM Queue},
 number = {5},
 title = {Software transactional memory: Why is it only a research toy?},
 volume = {6},
 year = {2008},
}

@inproceedings{castillo:hpca18:task-dep-mgmt,
 author = {E. Castillo and L. Alvarez and M. Moreto and M. Casas and E. Vallejo and J. L. Bosque and R. Beivide and M. Valero},
 crossref = {hpca18},
 title = {Architectural Support for Task Dependence Management with Flexible Software Scheduling},
}

@inproceedings{ceze:isca06:bulk,
 author = {Ceze, Luis and Tuck, James and Torrellas, Josep and Ca{\c{s}}caval, C{\u{a}}lin},
 crossref = {isca06},
 title = {Bulk disambiguation of speculative threads in multiprocessors},
}

@inproceedings{ceze:isca07:bulksc,
 author = {Ceze, Luis and Tuck, James and Montesinos, Pablo and Torrellas, Josep},
 booktitle = {Proc. of the 34th annual Intl. Symp. on Computer architecture},
 title = {{BulkSC}: bulk enforcement of sequential consistency},
 year = {2007},
}

@inproceedings{chafi:hpca07:scalabletcc,
 author = {Chafi, Hassan and Casper, Jared and Carlstrom, Brian D. and McDonald, Austen and Minh, Chi Cao and Baek, Woongki and Kozyrakis, Christos and Olukotun, Kunle},
 booktitle = {High Performance Computer Architecture, 2007. HPCA 2007. IEEE 13th International Symposium on},
 organization = {IEEE},
 pages = {97--108},
 title = {A scalable, non-blocking approach to transactional memory},
 year = {2007},
}

@inproceedings{chaiken:asplos91:limitless,
 author = {Chaiken, D. and Kubiatowicz, J. and Agarwal, A.},
 booktitle = {Proc. of the 4th intl. conf. on Architectural Support for Programming Languages and Operating Systems},
 title = {{LimitLESS directories: A scalable cache coherence scheme}},
 year = {1991},
}

@inproceedings{chakrabarti:sdm04:rmat,
 author = {Chakrabarti, Deepayan and Zhan, Yiping and Faloutsos, Christos},
 booktitle = {Proc. SDM},
 title = {{R-MAT: A recursive model for graph mining}},
 year = {2004},
}

@inproceedings{chan2009autotuning,
 author = {Chan, Cy and Ansel, Jason and Wong, Yee Lok and Amarasinghe, Saman and Edelman, Alan},
 booktitle = {Proc. SC},
 title = {Autotuning multigrid with petabricks},
 year = {2009},
}

@inproceedings{chandrasekaran:pads96:optimistic-wwt,
 author = {Chandrasekaran, S. and Hill, Mark D.},
 booktitle = {PADS},
 title = {Optimistic simulation of parallel architectures using program executables},
 year = {1996},
}

@article{chandy:cacm81:cmb,
 author = {Chandy, K. Mani and Misra, Jayadev},
 journal = {Communications of the ACM},
 number = {4},
 pages = {198--206},
 publisher = {ACM},
 title = {Asynchronous distributed simulation via a sequence of parallel computations},
 volume = {24},
 year = {1981},
}

@inproceedings{chang:isca06:coop-caching,
 author = {Chang, J. and Sohi, G.S.},
 booktitle = {Proc. of the 33rd Intl. Symp. on Computer Architecture},
 title = {Cooperative caching for chip multiprocessors},
 year = {2006},
}

@inproceedings{charles:oopsla05:x10,
 author = {Charles,, Philippe and Grothoff,, Christian and Saraswat,, Vijay and Donawa,, Christopher and Kielstra,, Allan and Ebcioglu,, Kemal and von Praun,, Christoph and Sarkar,, Vivek},
 booktitle = {Proc. OOPSLA-20},
 title = {X10: An object-oriented approach to non-uniform cluster computing},
 year = {2005},
}

@inproceedings{chase:spaa05:circular-deque,
 author = {Chase, David and Lev, Yossi},
 booktitle = {Proc. of the 17th annual ACM Symp. on Parallel Algorithms and Architectures},
 title = {Dynamic circular work-stealing deque},
 year = {2005},
}

@inproceedings{chaudhuri:micro09:pseudolifo,
 author = {Chaudhuri, Mainak},
 booktitle = {Proc. of the 42nd annual IEEE/ACM intl. symp. on Microarchitecture},
 title = {Pseudo-{LIFO}: the foundation of a new family of replacement policies for last-level caches},
 year = {2009},
}

@inproceedings{che:iiswc09:rodinia,
 author = {Shuai Che and Michael Boyer and Jiayuan Meng and David Tarjan and Jeremy W. Sheaffer and Sang-Ha Lee and Kevin Skadron},
 booktitle = {Proc. of the IEEE Intl. Symp. on Workload Characterization},
 title = {Rodinia: A benchmark suite for heterogeneous computing},
 year = {2009},
}

@conference{chen:cgh05:streamit-rendering,
 author = {Chen, J. and Gordon, M.I. and Thies, W. and Zwicker, M. and Pulli, K. and Durand, F.},
 booktitle = {Proc. of the ACM SIGGRAPH/EUROGRAPHICS conf. on Graphics Hardware},
 title = {{A reconfigurable architecture for load-balanced rendering}},
 year = {2005},
}

@inproceedings{chen:fmcad06:assume-guarantee,
 author = {Chen, X. and Yang, Y. and Gopalakrishnan, G. and Chou, C.T.},
 booktitle = {Formal Methods in Computer Aided Design},
 title = {{Reducing verification complexity of a multicore coherence protocol using assume/guarantee}},
 year = {2006},
}

@article{chen:fmsd10:hierarchical-verification,
 author = {Chen, X. and Yang, Y. and Gopalakrishnan, G. and Chou, C.T.},
 journal = {Formal Methods in System Design},
 number = {1},
 title = {Efficient methods for formally verifying safety properties of hierarchical cache coherence protocols},
 volume = {36},
 year = {2010},
}

@inproceedings{chen:icpp09:slacksim,
 author = {Chen, Jainwei and Annavaram, Murali and Dubois, Michel},
 booktitle = {Parallel Processing, 2009. ICPP'09. International Conference on},
 title = {{Exploiting simulation slack to improve parallel simulation speed}},
 year = {2009},
}

@inproceedings{chen:ppopp03:tls-compiler,
 author = {Peng{-}Sheng Chen and
Ming{-}Yu Hung and
Yuan{-}Shin Hwang and
Roy Dz{-}Ching Ju and
Jenq Kuen Lee},
 crossref = {ppopp03},
 title = {Compiler support for speculative multithreading architecture with
probabilistic points-to analysis},
}

@inproceedings{chen:spaa07:pdf,
 author = {Chen, Shimin and Gibbons, Phillip B. and Kozuch, Michael and Liaskovitis, Vasileios and Ailamaki, Anastassia and Blelloch, Guy E. and Falsafi, Babak and Fix, Limor and Hardavellas, Nikos and Mowry, Todd C. and Wilkerson, Chris},
 booktitle = {Proc. of the 19th annual ACM Symp. on Parallel Algorithms and Architectures},
 title = {Scheduling threads for constructive cache sharing on CMPs},
 year = {2007},
}

@inproceedings{cheng:spaa98:cilk-locks,
 author = {Cheng, Guang-Ien and Feng, Mingdong and Leiserson, Charles E. and Randall, Keith H. and Stark, Andrew F.},
 crossref = {spaa98},
 title = {{Detecting data races in Cilk programs that use locks}},
}

@article{cherkassky:algorithmica97:push-relabel,
 author = {Cherkassky, Boris V. and Goldberg, Andrew V.},
 journal = {Algorithmica},
 number = {4},
 title = {{On implementing the push-relabel method for the maximum flow problem}},
 volume = {19},
 year = {1997},
}

@article{chidester:tomacs02:parsim,
 author = {Chidester, Matthew and George, Alan},
 journal = {TOMACS},
 number = {3},
 title = {Parallel simulation of chip-multiprocessor architectures},
 volume = {12},
 year = {2002},
}

@conference{chiou:dac00:sw-caches,
 author = {Chiou, D. and Jain, P. and Rudolph, L. and Devadas, S.},
 booktitle = {Proc. of the 37th annual Design Automation Conf.},
 title = {{Application-specific memory management for embedded systems using software-controlled caches}},
 year = {2000},
}

@inproceedings{chishti:isca05:cmp-nurapid,
 author = {Chishti, Z. and Powell, M.D. and T. N. Vijaykumar},
 booktitle = {Proc. of the 32nd Intl. Symp. on Computer Architecture},
 title = {Optimizing replication, communication, and capacity allocation in CMPs},
 year = {2005},
}

@inproceedings{chishti:micro03:nurapid,
 author = {Zeshan Chishti and Michael D. Powell and T. N. Vijaykumar},
 booktitle = {Proc. of the 36th annual IEEE/ACM intl. symp. on Microarchitecture},
 title = {Distance Associativity for High-Performance Energy-Efficient Non-Uniform Cache Architectures},
 year = {2003},
}

@inproceedings{cho:micro06:page-nuca,
 author = {Cho, S. and Jin, L.},
 booktitle = {Proc. of the 39th intl. symp. on Microarchitecture},
 title = {{Managing distributed, shared L2 caches through OS-level page allocation}},
 year = {2006},
}

@inproceedings{chrysos:isca98:store-sets,
 author = {Chrysos, George Z. and Emer, Joel S.},
 booktitle = {Proc. ISCA},
 journal = {ACM SIGARCH Computer Architecture News},
 title = {Memory dependence prediction using store sets},
 year = {1998},
}

@inproceedings{chuang:asplos06:ptm,
 author = {Chuang, Weihaw and Narayanasamy, Satish and Venkatesh, Ganesh and Sampson, Jack and Van Biesbrouck, Michael and Pokam, Gilles and Calder, Brad and Colavin, Osvaldo},
 crossref = {asplos06},
 title = {{Unbounded page-based transactional memory}},
}

@inproceedings{chung:asplos06:xtm,
 author = {Chung, JaeWoong and Minh, Chi Cao and McDonald, Austen and Skare, Travis and Chafi, Hassan and Carlstrom, Brian D. and Kozyrakis, Christos and Olukotun, Kunle},
 crossref = {asplos06},
 title = {{Tradeoffs in transactional memory virtualization}},
}

@inproceedings{cintra:ppopp03:robust-software-tls,
 author = {Cintra, Marcelo and Llanos, Diego},
 booktitle = {PPoPP},
 title = {{Toward efficient and robust software speculative parallelization on multiprocessors}},
 year = {2003},
}

@inproceedings{cleary:pads97:infinite-timestamps,
 author = {J. G. Cleary and J. A. D. McWha and M. Pearson},
 booktitle = {Proceedings 11th Workshop on Parallel and Distributed Simulation},
 title = {Timestamp representations for virtual sequences},
 year = {1997},
}

@inproceedings{clements:sosp13:scalable-comm-rule,
 author = {Clements, Austin T and Kaashoek, M Frans and Zeldovich, Nickolai and Morris, Robert T and Kohler, Eddie},
 crossref = {sosp13},
 title = {{The scalable commutativity rule: Designing scalable software for multicore processors}},
}

@book{clrs:book09:intro-algorithms,
 author = {Cormen, Thomas and Leiserson, Charles and Rivest, Ronald and Stein, Clifford},
 edition = {3rd},
 publisher = {MIT Press},
 title = {Introduction to Algorithms},
 year = {2009},
}

@inproceedings{colohan:isca06:tls-db,
 author = {Colohan, Christopher B. and Ailamaki, Anastassia and Steffan, J. Gregory and Mowry, Todd C.},
 crossref = {isca06},
 title = {{Tolerating dependences between large speculative threads via sub-threads}},
}

@article{colohan:tocs08:db-tls,
 author = {Colohan, Christopher B. and Ailamaki, Anastassia and Steffan, J. Gregory and Mowry, Todd C.},
 journal = {ACM Transactions on Computer Systems (TOCS)},
 number = {1},
 title = {{Incrementally parallelizing database transactions with thread-level speculation}},
 volume = {26},
 year = {2008},
}

@inproceedings{cong:icpp08:graph-problems-ws,
 author = {Cong, Guojing and Kodali, Sreedhar and Krishnamoorthy, Sriram and Lea, Doug and Saraswat, Vijay and Wen, Tong},
 booktitle = {Proc. of the 37th Intl. Conf. on Parallel Processing},
 title = {Solving Large, Irregular Graph Problems Using Adaptive Work-Stealing},
 year = {2008},
}

@techreport{cook:berkeley09:vls,
 author = {Cook, Henry and Asanovi\'c, Krste and Patterson, David A.},
 institution = {EECS Department, U. of California, Berkeley},
 title = {Virtual Local Stores: Enabling Software-Managed Memory Hierarchies in Mainstream Computing Environments},
 year = {2009},
}

@inproceedings{cooper:socc10:ycsb,
 author = {Cooper, Brian F. and Silberstein, Adam and Tam, Erwin and Ramakrishnan, Raghu and Sears, Russell},
 booktitle = {Proc. of the 1st Symp. on Cloud Computing},
 title = {{Benchmarking cloud serving systems with YCSB}},
 year = {2010},
}

@article{corbett:tocs13:spanner,
 author = {James Corbett and Jeffrey Dean and Michael Epstein and Andrew Fikes and Christopher Frost and JJ Furman and Sanjay Ghemawat and Andrey Gubarev and Christopher Heiser and Peter Hochschild and Wilson Hsieh and Sebastian Kanthak and Eugene Kogan and Hongyi Li and Alexander Lloyd and Sergey Melnik and David Mwaura and David Nagle and Sean Quinlan and Rajesh Rao and Lindsay Rolig and Yasushi Saito and Michal Szymaniak and Christopher Taylor and Ruth Wang and and Dale Woodford},
 journal = {ACM TOCS},
 number = {3},
 title = {{Spanner: Google's globally distributed database}},
 volume = {31},
 year = {2013},
}

@inproceedings{dalessandro:disc10:transactionsmemorymodel,
 author = {Luke Dalessandro and Michael L. Scott and Michael F. Spear},
 booktitle = {Proc. DISC},
 title = {Transactions as the Foundation of a Memory Consistency Model},
 year = {2010},
}

@inproceedings{dalessandro:pact12:sandboxing-tm,
 author = {Dalessandro, Luke and Scott, Michael L},
 crossref = {pact12},
 title = {{Sandboxing transactional memory}},
}

@inproceedings{dalessandro:transact09:siweakidea,
 author = {Luke Dalessandro and Michael L. Scott},
 crossref = {transact09},
 title = {Strong Isolation is a Weak Idea},
}

@book{dally:interconnect-book,
 author = {William Dally and Brian Towles},
 isbn = {0122007514},
 publisher = {Morgan Kaufmann Publishers Inc.},
 title = {Principles and {P}ractices of {I}nterconnection {N}etworks},
 year = {2003},
}

@inproceedings{dally:isca87:mdp,
 author = {Dally, William J. and Chao, Linda and Chien, Andrew and Hassoun, Soha and Horwat, Waldemar and Kaplan, Jon and Song, Paul and Totty, Brian and Wills, Scott},
 crossref = {isca87},
 title = {{Architecture of a message-driven processor}},
}

@inproceedings{dally:sc03:merrimac,
 author = {W. J. Dally and P. Hanrahan and M. Erez and T. J. Knight and F. Labonte and J-H. Ahn and N. Jayasena and U. J. Kapasi and A. Das and J. Gummaraju and I. Buck},
 booktitle = {Proc. of the 17th annual Intl. Conf. on Supercomputing},
 title = {Merrimac: Supercomputing with streams},
 year = {2003},
}

@inproceedings{dally:sc10:gpu-exascale-talk,
 author = {William J. Dally},
 booktitle = {Supercomputing '10, Plenary Talk},
 title = {{GPU Computing: To Exascale and Beyond}},
 year = {2010},
}

@inproceedings{damaraju:isscc12:ivy_bridge,
 author = {Damaraju, S. and George, V. and Jahagirdar, S. and Khondker, T. and Milstrey, R. and Sarkar, S. and Siers, S. and Stolero, I. and Subbiah, A.},
 booktitle = {IEEE Intl. Solid-State Circuits Conf.},
 title = {{A 22nm IA multi-CPU and GPU System-on-Chip}},
 year = {2012},
}

@inproceedings{das:pact06:strip,
 author = {Das, Abhishek and Dally, William J. and Mattson, Peter},
 booktitle = {Proc. of the 15th intl. conf. on Parallel Architectures and Compilation Techniques},
 title = {Compiling for stream processing},
 year = {2006},
}

@inproceedings{dashti:asplos13:carrefour,
 author = {Dashti, Mohammad and Fedorova, Alexandra and Funston, Justin and Gaud, Fabien and Lachaize, Renaud and Lepers, Baptiste and Quema, Vivien and Roth, Mark},
 booktitle = {Proc. of the 18th international conference on Architectural support for programming languages and operating systems},
 title = {Traffic management: a holistic approach to memory placement on NUMA systems},
 year = {2013},
}

@inproceedings{dave2006802,
 author = {Dave, Nirav and Pellauer, Michael and Gerding, Steve and Arvind},
 booktitle = {Proc. MEMOCODE},
 title = {802.11a transmitter: A case study in microarchitectural exploration},
 year = {2006},
}

@inproceedings{dave2011verification,
 author = {Dave, Nirav and Katelman, Michael and King, Myron and Arvind and Meseguer, J.},
 booktitle = {Proc. MEMOCODE},
 title = {Verification of microarchitectural refinements in rule-based systems},
 year = {2011},
}

@article{davis:toms11:sparsematrix,
 author = {Davis, Timothy A.  and Hu, Yifan},
 journal = {ACM TOMS},
 number = {1},
 title = {The {U}niversity of {F}lorida Sparse Matrix Collection},
 volume = {38},
 year = {2011},
}

@inproceedings{dean:nsdi12:large-deep-networks,
 author = {Dean, Jeffrey and Corrado, Greg and Monga, Rajat and Chen, Kai and Devin, Matthieu and Le, Quoc and Mao, Mark and Senior, Andrew W and Tucker, Paul and Ng, Andrew},
 booktitle = {Proc. NSDI},
 title = {Large Scale Distributed Deep Networks},
 year = {2012},
}

@inproceedings{delimitrou:asplos13:paragon,
 author = {Christina Delimitrou and Christos Kozyrakis},
 booktitle = {Proc. of the 18h intl. conf. on Architectural Support for Programming Languages and Operating Systems},
 title = {{Paragon: QoS-Aware Scheduling for Heterogeneous Datacenters}},
 year = {2013},
}

@inproceedings{demetriades:hoti08:cuckoo_ip,
 author = {Demetriades, S. and Hanna, M. and Sangyeun Cho and Melhem, R.},
 booktitle = {Proc. of the 16th IEEE symp. on High Performance Interconnects},
 title = {An Efficient Hardware-Based Multi-hash Scheme for High Speed {IP} Lookup},
 year = {2008},
}

@article{dennard:jssc74:scaling,
 author = {Dennard, R.H. and Gaensslen, F.H. and Rideout, VL. and Bassous, E. and LeBlanc, AR},
 journal = {IEEE Journal of Solid-State Circuits},
 number = {5},
 title = {{Design of ion-implanted MOSFETs with very small physical dimensions}},
 volume = {9},
 year = {1974},
}

@article{denning:cacm10:parallelism,
 author = {Denning, Peter J. and Dennis, Jack B.},
 journal = {Communications of the ACM},
 number = {6},
 title = {The Resurgence of Parallelism},
 volume = {53},
 year = {2010},
}

@inproceedings{dennis:isca75:dataflow,
 author = {Dennis, Jack B. and Misunas, David P.},
 booktitle = {Proc. ISCA},
 title = {{A preliminary architecture for a basic data-flow processor}},
 year = {1975},
}

@inproceedings{desikan:isca01:sim-alpha,
 author = {Desikan, R. and Burger, D. and Keckler, Steven W.},
 booktitle = {Proc. of the 28th annual Intl. Symp. on Computer Architecture},
 title = {Measuring experimental error in microprocessor simulation},
 year = {2001},
}

@inproceedings{devietti:asplos09:dmp,
 author = {Devietti, Joseph and Lucia, Brandon and Ceze, Luis and Oskin, Mark},
 crossref = {asplos09},
 title = {{DMP: Deterministic shared memory multiprocessing}},
}

@inproceedings{dhulipala:spaa17:julienne-bucketing,
 author = {Dhulipala, Laxman and Blelloch, Guy and Shun, Julian},
 crossref = {spaa17},
 title = {Julienne: A Framework for Parallel Graph Algorithms Using Work-efficient Bucketing},
}

@inproceedings{dias:europar09:dbmemtxns,
 author = {Dias, Ricardo J. and Louren{\c{c}}o, Jo{\~a}o M.},
 booktitle = {Euro-Par},
 title = {Unifying Memory and Database Transactions},
 year = {2009},
}

@inproceedings{dice:spaa10:simplifying,
 author = {Dice, Dave and Lev, Yossi and Marathe, Virendra J and Moir, Mark and Nussbaum, Dan and Olszewski, Marek},
 crossref = {spaa10},
 title = {{Simplifying concurrent algorithms by exploiting hardware transactional memory}},
}

@inproceedings{diegues:disc13:parallel-nesting,
 author = {Diegues, Nuno and Cachopo, Jo{\~a}o},
 booktitle = {Proc. DISC},
 title = {{Practical parallel nesting for software transactional memory}},
 year = {2013},
}

@inproceedings{diegues:spaa15:seer,
 author = {Diegues, Nuno and Romano, Paolo and Garbatov, Stoyan},
 crossref = {spaa15},
 title = {{Seer: Probabilistic Scheduling for Hardware Transactional Memory}},
}

@proceedings{dimacs10,
 editor = {David A. Bader and
Henning Meyerhenke and
Peter Sanders and
Dorothea Wagner},
 title = {10th {DIMACS} Implementation Challenge Workshop},
 year = {2012},
}

@misc{dimacs9,
 howpublished = {\url{http://www.dis.uniroma1.it/~challenge9}, archived at \url{https://perma.cc/5KYT-YM36}},
 title = {{9th DIMACS Implementation Challenge: Shortest Paths}},
 year = {2006},
}

@inproceedings{dinechin:hpec13:kalray-mppa,
 author = {de Dinechin, Beno{\^\i}t Dupont and Ayrignac, Renaud and Beaucamps, Pierre-Edouard and Couvert, Patrice and Ganne, Beno{\^{i}}t and de Massas, Pierre Guironnet and Jacquet, Fran{\c{c}}ois and Jones, Samuel and Chaisemartin, Nicolas Morey and Riss, Fr{\'e}d{\'e}ric and Strudel, Thierry},
 booktitle = {Proc. HPEC},
 title = {{A clustered manycore processor architecture for embedded and accelerated applications}},
 year = {2013},
}

@inproceedings{dolev:podc08:car-stm,
 author = {Dolev, Shlomi and Hendler, Danny and Suissa, Adi},
 booktitle = {Proceedings of the twenty-seventh ACM symposium on Principles of distributed computing},
 title = {{CAR-STM: scheduling-based collision avoidance and resolution for software transactional memory}},
 year = {2008},
}

@inproceedings{dragojevic:podc09:shrink,
 author = {Dragojevi{\'c}, Aleksandar and Guerraoui, Rachid and Singh, Anmol V. and Singh, Vasu},
 booktitle = {Proceedings of the 28th ACM symposium on Principles of distributed computing},
 title = {{Preventing versus curing: avoiding conflicts in transactional memories}},
 year = {2009},
}

@inproceedings{du:pldi04:tls-cost-compiler,
 author = {Du, Zhao-Hui and Lim, Chu-Cheow and Li, Xiao-Feng and Yang, Chen and Zhao, Qingyu and Ngai, Tin-Fook},
 crossref = {pldi04},
 title = {A Cost-driven Compilation Framework for Speculative Parallelization of Sequential Programs},
}

@inproceedings{dudnik:transact09:tm-condvars,
 author = {Dudnik, Polina and Swift, Michael M.},
 crossref = {transact09},
 title = {Condition variables and transactional memory: Problem or opportunity?},
}

@inproceedings{duran:iwomp08:openmp3-sched,
 author = {Alejandro Duran and Julita Corbal{\'a}n and Eduard Ayguad{\'e}},
 booktitle = {4th Intl. Workshop in OpenMP},
 title = {Evaluation of {O}pen{MP} task scheduling strategies},
 year = {2008},
}

@article{duran:ppl11:ompss,
 author = {Duran, Alejandro and Ayguad{\'e}, Eduard and Badia, Rosa M. and Labarta, Jes{\'u}s and Martinell, Luis and Martorell, Xavier and Planas, Judit},
 journal = {Parallel Processing Letters},
 number = {02},
 title = {{OmpSs: A proposal for programming heterogeneous multi-core architectures}},
 volume = {21},
 year = {2011},
}

@inproceedings{ebcioglu:micro99:ilp-dbt,
 author = {Ebcio{\u{g}}lu, Kemal and Altman, Erik and Gschwind, Michael and Sathaye, Sumedh},
 crossref = {micro99},
 title = {{Optimizations and oracle parallelism with dynamic translation}},
}

@inproceedings{ebrahimi:asplos10:source-throttling,
 author = {Ebrahimi, E. and Joo, C. and Onur, L. and Yale, M. and Patt, N.},
 booktitle = {Proc. Architectural Support for Programming Languages and Operating Systems},
 title = {Fairness via source throttling: A configurable and high-performance fairness substrate for multi-core memory systems},
 year = {2010},
}

@inproceedings{eicken:isca92:am,
 author = {von Eicken,, Thorsten and Culler,, David E. and Goldstein,, Seth Copen and Schauser,, Klaus Erik},
 booktitle = {Proc. of the 19th annual Intl. Symp. on Computer Architecture},
 title = {Active messages: a mechanism for integrated communication and computation},
 year = {1992},
}

@inproceedings{enright:micro08:vtc,
 author = {Enright Jerger, N.D. and Peh, L.S. and Lipasti, M.H.},
 booktitle = {Proc. of the 41st annual IEEE/ACM intl. symp. on Microarchitecture},
 title = {Virtual tree coherence: Leveraging regions and in-network multicast trees for scalable cache coherence},
 year = {2008},
}

@article{epa:law07:dc-energy-report,
 author = {ENERGY, S.},
 journal = {Public Law},
 pages = {431},
 title = {{Report to Congress on Server and Data Center Energy Efficiency Public Law 109-431}},
 volume = {109},
 year = {2007},
}

@inproceedings{esmaeilzadeh:isca11:dark_silicon,
 author = {Esmaeilzadeh, H. and Blem, E. and St Amant, R. and Sankaralingam, K. and Burger, D.},
 crossref = {isca11},
 title = {Dark Silicon and The End of Multicore Scaling},
}

@article{estebanez:csur16:tls,
 author = {Estebanez, Alvaro and Llanos, Diego R and Gonzalez-Escribano, Arturo},
 journal = {ACM CSUR},
 number = {2},
 title = {{A survey on thread-level speculation techniques}},
 volume = {49},
 year = {2016},
}

@inproceedings{etsion:micro10:task-superscalar,
 author = {Etsion, Y. and Cabarcas, F. and Rico, A. and Ramirez, A. and Badia, R.M. and Ayguade, E. and Labarta, J. and Valero, M.},
 crossref = {micro10},
 title = {{Task Superscalar}: An Out-of-Order Task Pipeline},
}

@inproceedings{fang:ics07:amo,
 author = {Fang, Zhen and Zhang, Lixin and Carter, John B. and Ibrahim, Ali and Parker, Michael A.},
 booktitle = {Proc. of the 21st annual Intl. Conf. on Supercomputing},
 title = {Active memory operations},
 year = {2007},
}

@inproceedings{fatahalian:sc06:sequoia,
 author = {Fatahalian, K. and Horn, D.R. and Knight, T.J. and Leem, L. and Houston, M. and Park, J.Y. and Erez, M. and Ren, M. and Aiken, A. and Dally, W.J. and Hanrahan, P.},
 booktitle = {Proc. of the 2006 ACM/IEEE conf. on Supercomputing},
 title = {{Sequoia: Programming the Memory Hierarchy}},
 year = {2006},
}

@inproceedings{fatehi:pact14:ilp,
 author = {Fatehi, Ehsan and Gratz, Paul},
 crossref = {pact14},
 title = {{ILP and TLP in shared memory applications: a limit study}},
}

@inproceedings{fatehi:pact14:ilp-tlp-limit,
 author = {Fatehi, Ehsan and Gratz, Paul},
 crossref = {pact14},
 title = {{ILP and TLP in shared memory applications: a limit study}},
}

@inproceedings{ferdman:asplos12:clearing-clouds,
 author = {Ferdman, M. and Adileh, A. and Kocberber, O. and Volos, S. and Alisafaee, M. and Jevdjic, D. and Kaynak, C. and Popescu, A.D. and Ailamaki, A. and Falsafi, B.},
 booktitle = {Proc. of the 17th intl. conf. on Architectural Support for Programming Languages and Operating Systems},
 title = {Clearing the clouds: a study of emerging scale-out workloads on modern hardware},
 year = {2012},
}

@inproceedings{ferdman:hpca11:cuckoo,
 author = {Ferdman, M. and Lotfi-Kamran, P. and Balet, K. and Falsafi, B.},
 booktitle = {Proc. of the 17th IEEE intl. symp. on High Performance Computer Architecture},
 title = {{Cuckoo Directory: A scalable directory for many-core systems}},
 year = {2011},
}

@techreport{ferscha:umd98:pdes-survey,
 author = {Ferscha, Alois and Tripathi, Satish},
 institution = {U. Maryland},
 title = {Parallel and distributed simulation of discrete event systems},
 year = {1998},
}

@inproceedings{fix:asplos18:hmtx,
 author = {Fix, Jordan and Nagendra, Nayana P. and Apostolakis, Sotiris and Zhang, Hansen and Qiu, Sophie and August, David I.},
 crossref = {asplos18},
 title = {Hardware Multithreaded Transactions},
}

@article{fonseca:jpar16:parallelize-java,
 author = {Fonseca, Alcides and Cabral, Bruno and Rafael, Jo{\~a}o and Correia, Ivo},
 journal = {International Journal of Parallel Programming},
 month = {dec},
 number = {6},
 title = {Automatic Parallelization: Executing Sequential Programs on a Task-Based Parallel Runtime},
 volume = {44},
 year = {2016},
}

@inproceedings{fredman:focs84:fibonacci-dikjstra,
 author = {Fredman, Michael and Tarjan, Robert},
 booktitle = {FOCS},
 title = {{Fibonacci heaps and their uses in improved network optimization algorithms}},
 year = {1984},
}

@inproceedings{frigo:pldi98:cilk5,
 author = {Frigo,, Matteo and Leiserson,, Charles E. and Randall,, Keith H.},
 crossref = {pldi98},
 title = {The implementation of the {C}ilk-5 multithreaded language},
}

@inproceedings{frustaci:isscc14:sram,
 author = {Fabio Frustaci and Mahmood Khayatzadeh and David Blaauw and Dennis Sylvester and Massimo Alioto},
 booktitle = {Intl. Solid-State Circuits Conf.},
 title = {{A 32kb SRAM for Error-Free and Error-Tolerant Applications with Dynamic Energy-Quality Management in 28nm CMOS}},
 year = {2014},
}

@article{fujimoto:cacm90:pdes,
 author = {Fujimoto, Richard},
 journal = {Communications of the ACM},
 number = {10},
 title = {{Parallel discrete event simulation}},
 volume = {33},
 year = {1990},
}

@inproceedings{fujimoto:spaa89:vtm,
 author = {Fujimoto, Richard},
 crossref = {spaa89},
 title = {{The virtual time machine}},
}

@article{fuller:computer11:game_over_or_next_level,
 author = {Fuller, S.H. and Millett, L.I.},
 journal = {IEEE Computer},
 number = {1},
 title = {{Computing Performance: Game Over or Next Level?}},
 volume = {44},
 year = {2011},
}

@inproceedings{fung:ipdps06:tls-locality,
 author = {Fung, Stanley LC. and Steffan, J. Gregory},
 crossref = {ipdps06},
 title = {{Improving cache locality for thread-level speculation}},
}

@inproceedings{gaona:sbacpad10:htm-energy,
 author = {Gaona-Ramirez, Epifanio and Titos-Gil, Rub{\'e}n and Fernandez, Juan and Acacio, Manuel E.},
 booktitle = {Proc. SBAC-PAD 22},
 title = {Characterizing energy consumption in hardware transactional memory systems},
 year = {2010},
}

@inproceedings{garzaran:hpca03:tls-taxonomy,
 author = {Garzar{\'a}n, Mar{\'\i}a Jes{\'u}s and Prvulovic, Milos and Llaber{\'\i}a, Jos{\'e} Mar{\'\i}a and Vi{\~n}als, V{\'\i}ctor and Rauchwerger, Lawrence and Torrellas, Josep},
 crossref = {hpca03},
 title = {{Tradeoffs in buffering speculative memory state for thread-level speculation in multiprocessors}},
}

@inproceedings{gerosa:isscc08:atom,
 author = {Gerosa, G. and Curtis, S. and D'Addeo, M. and Bo Jiang and Kuttanna, B. and Merchant, F. and Patel, B. and Taufique, M. and Samarchi, H.},
 booktitle = {IEEE Intl. Solid-State Circuits Conf.},
 title = {A Sub-1{W} to 2{W} Low-Power {IA} Processor for Mobile Internet Devices and Ultra-Mobile {PC}s in 45nm Hi-{K} Metal Gate {CMOS}},
 year = {2008},
}

@misc{ghemawat:google07:tcmalloc,
 author = {Ghemawat, Sanjay and Menage, Paul},
 title = {{TCMalloc: Thread-caching malloc}},
 howpublished = {\url{https://gperftools.github.io/gperftools/tcmalloc.html}, archived at \url{https://perma.cc/EK9E-LBYU}},
 year = {2007},
}

@misc{ghemawat:tcmalloc,
 author = {Sanjay Ghemawat and Paul Menage},
 title = {{TCMalloc: Thread-caching malloc} \url{http://goog-perftools.sourceforge.net/doc/tcmalloc.html}},
}

@article{goldfarb:annalsOR88:network-maxflow,
 author = {Goldfarb, Donald and Grigoriadis, Michael D.},
 journal = {Annals of Operations Research},
 number = {1},
 title = {A computational comparison of the dinic and network simplex methods for
maximum flow},
 volume = {13},
 year = {1988},
}

@article{gonzalez:taco14:tepo,
 author = {Gonzalez-Mesa, M. A. and Gutierrez, Eladio and Zapata, Emilio L. and Plata, Oscar},
 journal = {ACM TACO},
 number = {3},
 title = {Effective Transactional Memory Execution Management for Improved Concurrency},
 volume = {11},
 year = {2014},
}

@inproceedings{gopal:hpca98:svc,
 author = {Gopal, Sridhar and T. N. Vijaykumar and Smith, James E. and Sohi, Gurindar S.},
 crossref = {hpca98},
 title = {{Speculative versioning cache}},
}

@inproceedings{gordon:asplos06:streamit,
 author = {Gordon, Michael I. and Thies, William and Amarasinghe, Saman},
 booktitle = {Proc. of the 12th intl. conf. on Architectural Support for Programming Languages and Operating Systems},
 title = {Exploiting coarse-grained task, data, and pipeline parallelism in stream programs},
 year = {2006},
}

@article{grosser:ppl12:polly,
 author = {Tobias Grosser and
Armin Gr{\"{o}}{\ss}linger and
Christian Lengauer},
 journal = {Parallel Processing Letters},
 number = {4},
 title = {Polly - Performing Polyhedral Optimizations on a Low-Level Intermediate
Representation},
 volume = {22},
 year = {2012},
}

@inproceedings{grossman:asplos13:event-driven-anton2,
 author = {Grossman, J. P. and Kuskin, Jeffrey S. and Bank, Joseph A. and Theobald, Michael and Dror, Ron O. and Ierardi, Douglas J. and Larson, Richard H. and Schafer, U. Ben and Towles, Brian and Young, Cliff and Shaw, David E.},
 crossref = {asplos13},
 title = {{Hardware support for fine-grained event-driven computation in Anton 2}},
}

@inproceedings{guerraoui:ppopp08:correctness-tm,
 author = {Guerraoui, Rachid and Kapalka, Michal},
 crossref = {ppopp08},
 title = {{On the correctness of transactional memory}},
}

@article{guo:can07:chaos,
 author = {Guo, F. and Kannan, H. and Zhao, L. and Illikkal, R. and Iyer, R. and Newell, D. and Solihin, Y. and Kozyrakis, Christos},
 journal = {ACM SIGARCH Computer Architecture News},
 number = {1},
 title = {{From Chaos to QoS: Case Studies in CMP Resource Management}},
 volume = {35},
 year = {2007},
}

@inproceedings{guo:ipdps09:help-first,
 author = {Yi Guo and Rajkishore Barik and Raghavan Raman and Vivek Sarkar},
 booktitle = {Proc. of the 23rd IEEE Intl. Parallel and Distributed Processing Symp.},
 title = {Work-First and Help-First Scheduling Policies for Terminally Strict Parallel Programs},
 year = {2009},
}

@inproceedings{guo:ipdps10:slaw,
 author = {Guo, Yi and Zhao, Jisheng and Cave, Vincent and Sarkar, Vivek},
 crossref = {ipdps10},
 title = {{SLAW: A scalable locality-aware adaptive work-stealing scheduler}},
}

@article{guo:jcst10:hierarchical-dir,
 author = {Guo, S.L. and Wang, H.X. and Xue, Y.B. and Li, C.M. and Wang, D.S.},
 journal = {Journal of Computer Science and Technology},
 number = {2},
 title = {{Hierarchical Cache Directory for CMP}},
 volume = {25},
 year = {2010},
}

@inproceedings{guo:ppopp10:slaw,
 author = {Guo, Yi and Zhao, Jisheng and Cave, Vincent and Sarkar, Vivek},
 booktitle = {Proc. of the 15th ACM SIGPLAN symp. on Principles and Practice of Parallel Programming},
 title = {{SLAW}: a scalable locality-aware adaptive work-stealing scheduler for multi-core systems},
 year = {2010},
}

@inproceedings{gupta:icpp90:scalable-dir,
 author = {Gupta, A. and Weber, W. and Mowry, Todd C.},
 booktitle = {Proc. of the 19th Intl. Conf. on Parallel Processing},
 title = {{Reducing Memory and Traffic Requirements for Scalable Directory-Based Cache Coherence Schemes}},
 year = {1990},
}

@misc{halbert:berkeley80:register-windows,
 author = {Halbert, Daniel C. and Kessler, Peter B.},
 howpublished = {CS 292R Final Report, UC Berkeley},
 title = {Windows of overlapping register frames},
 year = {1980},
}

@inproceedings{halbherr:iwmp94:threaded-c,
 author = {Michael Halbherr and Yuli Zhou and Chris F. Joerg},
 booktitle = {Proc. of the 2nd Intl. Workshop on Massive Parallelism},
 title = {{MIMD}-Style Parallel Programming Based on Continuation-Passing Threads},
 year = {1994},
}

@inproceedings{hallnor:isca00:iic,
 author = {Hallnor, Erik G. and Reinhardt, Steven K.},
 booktitle = {Proc. of the 27th annual Intl. Symp. on Computer Architecture},
 title = {A fully associative software-managed cache design},
 year = {2000},
}

@inproceedings{hammond:asplos98:hydra-tls,
 author = {Hammond, Lance and Willey, Mark and Olukotun, Kunle},
 crossref = {asplos98},
 title = {Data speculation support for a chip multiprocessor},
}

@inproceedings{hammond:isca04:tcc,
 author = {Hammond, Lance and Wong, Vicky and Chen, Mike and Carlstrom, Brian D. and Davis, John D. and Hertzberg, Ben and Prabhu, Manohar K. and Wijaya, Honggo and Kozyrakis, Christos and Olukotun, Kunle},
 crossref = {isca04},
 title = {Transactional memory coherence and consistency},
}

@inproceedings{hamzaoglu:isscc14:crystalwell,
 author = {Fatih Hamzaoglu and Umut Arslan and Nabhendra Bisnik and Swaroop Ghosh and Manoj Lal and Nick Lindert and Mesut Meterelliyoz and Randy Osbourne and Joodong Park and Shigeki Tomishima and Yih Wang and Kevin Zhang},
 booktitle = {IEEE Intl. Solid-State Circuits Conf.},
 title = {{A 1Gb 2GHz Embedded DRAM in 22nm Tri-Gate CMOS Technology}},
 year = {2014},
}

@article{hardavellas:ieeemicro11:dark-servers,
 author = {Hardavellas, N. and Ferdman, M. and Falsafi, B. and Ailamaki, A.},
 journal = {Micro, IEEE},
 number = {4},
 title = {Toward dark silicon in servers},
 volume = {31},
 year = {2011},
}

@inproceedings{hardavellas:isca09:rnuca,
 author = {Hardavellas, N. and Ferdman, M. and Falsafi, B. and Ailamaki, A.},
 booktitle = {Proc. of the 36th Intl. Symp. on Computer Architecture},
 title = {{Reactive NUCA: near-optimal block placement and replication in distributed caches}},
 year = {2009},
}

@article{hardavellas:micro11:dark_silicon_servers,
 author = {Hardavellas, N. and Ferdman, M. and Falsafi, B. and Ailamaki, A.},
 journal = {IEEE Micro},
 number = {4},
 title = {Toward dark silicon in servers},
 volume = {31},
 year = {2011},
}

@article{harper:tiis15:movielens,
 author = {Harper, F. Maxwell and Konstan, Joseph A.},
 journal = {ACM TiiS},
 number = {4},
 title = {The {MovieLens} Datasets: History and Context},
 volume = {5},
 year = {2015},
}

@inproceedings{harris:ppopp05:composable-tm,
 author = {Harris, Tim and Marlow, Simon and Peyton-Jones, Simon and Herlihy, Maurice},
 crossref = {ppopp05},
 title = {{Composable memory transactions}},
}

@article{harris:scico05:sideeffects,
 author = {Harris, Tim},
 journal = {Science of Computer Programming},
 number = {3},
 title = {Exceptions and Side-effects in Atomic Blocks},
 volume = {58},
 year = {2005},
}

@article{harris:synthesis10:tm,
 author = {Harris, Tim and Larus, James and Rajwar, Ravi},
 journal = {Synthesis Lectures on Computer Architecture},
 title = {{Transactional memory}},
 year = {2010},
}

@article{hart:ssc68:astar,
 author = {Hart, Peter and Nilsson, Nils and Raphael, Bertram},
 journal = {IEEE Trans. on Systems Science and Cybernetics},
 number = {2},
 title = {{A formal basis for the heuristic determination of minimum cost paths}},
 volume = {4},
 year = {1968},
}

@inproceedings{hasenplaugh:spaa14:coloring,
 author = {Hasenplaugh, William and Kaler, Tim and Schardl, Tao B. and Leiserson, Charles E.},
 crossref = {spaa14},
 title = {{Ordering heuristics for parallel graph coloring}},
}

@inproceedings{hassaan:asplos15:kdg,
 author = {Hassaan, Muhammad Amber and Nguyen, Donald and Pingali, Keshav},
 crossref = {asplos15},
 title = {{Kinetic Dependence Graphs}},
}

@inproceedings{hassaan:ppopp11:ordered-vs-unordered,
 author = {Hassaan, Muhammad Amber and Burtscher, Martin and Pingali, Keshav},
 crossref = {ppopp11},
 title = {{Ordered vs. unordered: A comparison of parallelism and work-efficiency in irregular algorithms}},
}

@inproceedings{hassaan:spaa14:avi,
 author = {Hassaan, M. Amber and Nguyen, Donald and Pingali, Keshav},
 crossref = {spaa14},
 title = {{Brief announcement: Parallelization of asynchronous variational integrators for shared memory architectures}},
}

@book{hennessy:comp-arch,
 author = {John L. Hennessy and David A. Patterson},
 isbn = {012383872X},
 publisher = {Morgan Kaufmann},
 title = {{Computer Architecture: A Quantitative Approach (5th ed.)}},
 year = {2011},
}

@incollection{herlihy:dc05:dtm,
 author = {Herlihy, Maurice and Sun, Ye},
 booktitle = {Distributed Computing},
 pages = {324--338},
 publisher = {Springer},
 title = {{Distributed transactional memory for metric-space networks}},
 year = {2005},
}

@inproceedings{herlihy:isca93:tm,
 author = {Herlihy, Maurice and Moss, J. Eliot B.},
 crossref = {isca93},
 title = {Transactional memory: Architectural support for lock-free data structures},
}

@inproceedings{herlihy:podc03:stm,
 author = {Herlihy, Maurice and Luchangco, Victor and Moir, Mark and Scherer III, William N.},
 booktitle = {Proceedings of the twenty-second annual symposium on Principles of distributed computing},
 title = {Software transactional memory for dynamic-sized data structures},
 year = {2003},
}

@inproceedings{herlihy:ppopp08:trans-boosting,
 author = {Herlihy, Maurice and Koskinen, Eric},
 booktitle = {Proc. of the 13th ACM SIGPLAN Symposium on Principles and practice of parallel programming},
 title = {Transactional boosting: a methodology for highly-concurrent transactional objects},
 year = {2008},
}

@article{hill:computer08:amdahl,
 author = {Hill,, Mark D.  and Marty,, Michael},
 journal = {Computer},
 number = {7},
 title = {{Amdahl's Law in the Multicore Era}},
 volume = {41},
 year = {2008},
}

@inproceedings{hill:darpa11:adv-compsys,
 author = {Hill, Mark D. and Kozyrakis, C.},
 booktitle = {ISAT Outbrief of DARPA/ISAT Workshop},
 link = {http://www.cs.wisc.edu/~markhill/papers/isat2012_ACSWTP.pdf},
 title = {Advancing Computer Systems without Technology Progress},
 year = {2012},
}

@article{hill:tocs89:eval-assoc,
 author = {Hill, Mark D. and Smith, A. J.},
 journal = {IEEE Trans. Comput.},
 number = {12},
 title = {{Evaluating Associativity in CPU Caches}},
 volume = {38},
 year = {1989},
}

@techreport{hill:uwtr07:deconstructing-tm,
 author = {Hill, Mark D. and Hower, Derek and Moore, Keven E. and Swift, Michael M. and Volos, Haris and Wood, David A.},
 institution = {University of Wisconsin-Madison},
 number = {CS-TR-1594},
 title = {A Case for Deconstructing Hardware Transactional Memory Systems},
 year = {2007},
}

@article{hill:vldb08:tm-keynote,
 author = {Hill, Mark D.},
 journal = {VLDB Keynote},
 title = {Is transactional memory an oxymoron?},
 year = {2008},
}

@inproceedings{hoffmann:sc04:hw-task-pools,
 author = {Hoffmann,, Ralf and Korch,, Matthias and Rauber,, Thomas},
 booktitle = {Proc. of the 2004 ACM/IEEE conf. on Supercomputing},
 title = {{Performance Evaluation of Task Pools Based on Hardware Synchronization}},
 year = {2004},
}

@inproceedings{holt:oopsla14:alembic,
 author = {Holt, Brandon and Briggs, Preston and Ceze, Luis and Oskin, Mark},
 crossref = {oopsla14},
 title = {{Alembic: automatic locality extraction via migration}},
}

@conference{hormati:pact09:flextream,
 author = {Hormati, A.H. and Choi, Y. and Kudlur, M. and Rabbah, R. and Mudge, T. and Mahlke, S.},
 booktitle = {Proc. of the 18th intl. conf. on Parallel Architectures and Compilation Techniques},
 title = {{Flextream: Adaptive compilation of streaming applications for heterogeneous architectures}},
 year = {2009},
}

@inproceedings{horn:2007:ikt,
 author = {Daniel Horn and Jeremy Sugerman and Mike Houston and Pat Hanrahan},
 booktitle = {Proc. Symp. on Interactive 3D Graphics and Games},
 title = {{Interactive k-D Tree GPU Raytracing}},
 year = {2007},
}

@inproceedings{howard:isscc10:intel48core,
 author = {Howard, J. and Dighe, S. and Hoskote, Y. and Vangal, S. and Finan, D. and Ruhl, G. and Jenkins, D. and Wilson, H. and Borkar, N. and Schrom, G. and Pailet, F. and Jain, S. and Jacob, T. and Yada, S. and Marella, S. and Salihundam, P. and Erraguntla, V. and Konow, M. and Riepen, M. and Droege, G. and Lindemann, J. and Gries, M. and Apel, T. and Henriss, K. and Lund-Larsen, T. and Steibl, S. and Borkar, S. and De, V. and Van Der Wijngaart, R. and Mattson, T.},
 booktitle = {IEEE Intl. Solid-State Circuits Conf.},
 title = {A 48-Core {IA}-32 message-passing processor with {DVFS} in 45nm {CMOS}},
 year = {2010},
}

@article{hower:cacm09:two-record-and-replay,
 author = {Hower, Derek and Montesinos, Pablo and Ceze, Luis and Hill, Mark D. and Torrellas, Josep},
 journal = {Comm. ACM},
 title = {{Two hardware-based approaches for deterministic multiprocessor replay}},
 year = {2009},
}

@techreport{hp:itanium2,
 author = {{Hewlett-Packard}},
 title = {Inside the {I}ntel {I}tanium 2 processor},
 year = {2002},
}

@misc{hpf,
 author = {{HPF Language Specification}},
 title = {Version 2.0},
 year = {1997},
}

@conference{hsu:pact06:shared-cache-mgmt,
 author = {Hsu, L.R. and Reinhardt, S.K. and Iyer, R. and Makineni, S.},
 booktitle = {Proc. of the 15th intl. conf. on Parallel Architectures and Compilation Techniques},
 title = {{Communist, utilitarian, and capitalist cache policies on CMPs: caches as a shared resource}},
 year = {2006},
}

@inproceedings{huang:cgo:dswp+,
 author = {Huang, Jialu and Raman, Arun and Jablin, Thomas B. and Zhang, Yun and Hung, Tzu-Han and August, David I.},
 crossref = {cgo10},
 title = {Decoupled Software Pipelining Creates Parallelization Opportunities},
}

@article{hubicka:tr13:sysv-amd64-supplement,
 author = {Hubicka, Jan and Jaeger, Andreas and Mitchell, Mark},
 journal = {AMD64 Architecture Processor Supplement},
 title = {{System V} Application Binary Interface},
 year = {2013},
}

@inproceedings{hudson:ismm06:mcrt-malloc,
 author = {Hudson, Richard L and Saha, Bratin and Adl-Tabatabai, Ali-Reza and Hertzberg, Benjamin C},
 booktitle = {Proc. ISMM},
 title = {{McRT-Malloc: A scalable transactional memory allocator}},
 year = {2006},
}

@article{huh:tpds07:nuca,
 author = {Jaehyuk Huh, J. and Changkyu Kim, C. and Shafi, H. and Lixin Zhang, L. and Burger, D. and Keckler, Steven W.},
 journal = {IEEE Trans. on Parallel and Distributed Systems},
 number = {8},
 title = {{A NUCA substrate for flexible CMP cache sharing}},
 volume = {18},
 year = {2007},
}

@inproceedings{intel:sc13:knl,
 author = {Intel},
 booktitle = {SC},
 title = {{Intel Knights Landing Announcement}},
 year = {2013},
}

@techreport{intel:silvermont-datasheet,
 author = {{Intel}},
 title = {{Intel Atom Processor C2000 Microserver Product Family}},
 year = {2013},
}

@misc{intel:tbb,
 author = {{Intel}},
 title = {{TBB} \url{http://www.threadingbuildingblocks.org}},
}

@book{issariyakul:book11:ns2,
 author = {Issariyakul, Teerawat and Hossain, Ekram},
 publisher = {Springer},
 title = {{Introduction to network simulator NS2}},
 year = {2011},
}

@conference{iyer:ics04:cqos,
 author = {Iyer, R.},
 booktitle = {Proc. of the 18th annual intl. conf. on Supercomputing},
 title = {{CQoS: A framework for enabling QoS in shared caches of CMP platforms}},
 year = {2004},
}

@inproceedings{jacobi:micro12:systemz-htm,
 author = {Jacobi, Christian and Slegel, Timothy and Greiner, Dan},
 booktitle = {Proc. MICRO-45},
 title = {Transactional memory architecture and implementation for IBM System z},
 year = {2012},
}

@inproceedings{jafri:asplos13:wait-n-go,
 author = {Jafri, Syed Ali Raza and Voskuilen, Gwendolyn and T. N. Vijaykumar},
 crossref = {asplos13},
 title = {{Wait-n-GoTM: improving HTM performance by serializing cyclic dependencies}},
}

@inproceedings{jaleel:hpca06:bioparallel,
 author = {Aamer Jaleel and Matthew Mattina and Bruce Jacob},
 booktitle = {Proc. of the 12th intl. symp. on High-Performance Computer Architecture},
 title = {{Last Level Cache ({LLC}) Performance of Data Mining Workloads On A {CMP}}},
 year = {2006},
}

@inproceedings{jaleel:isca10:rrip,
 author = {Aamer Jaleel and Kevin Theobald and Simon C. Steely Jr and Joel Emer},
 booktitle = {Proc. of the 37th annual Intl. Symp. on Computer Architecture},
 title = {{High Performance Cache Replacement Using Re-Reference Interval Prediction ({RRIP})}},
 year = {2010},
}

@inproceedings{jaleel:mobs08:cmpsim,
 author = {Jaleel, A. and Cohn, R.S. and Chi-Keung Luk and Jacob, B.},
 booktitle = {MoBS-4},
 title = {{CMPSim: A Pin-based on-the-fly multi-core cache simulator}},
 year = {2008},
}

@inproceedings{jaleel:pact08:tadip,
 author = {Jaleel, Aamer and Hasenplaugh, William and Qureshi, Moinuddin and Sebot, Julien and Steely,Jr., Simon and Emer, Joel},
 booktitle = {Proc. of the 17th intl. conf. on Parallel Architectures and Compilation Techniques},
 title = {Adaptive insertion policies for managing shared caches},
 year = {2008},
}

@inproceedings{jefferson:ass91:supercritical-speedup,
 author = {Jefferson, David and Reiher, Peter},
 booktitle = {Proceedings of the 24th Annual Simulation Symposium},
 title = {Supercritical speedup},
 year = {1991},
}

@article{jefferson:toplas85:virtual-time,
 author = {Jefferson, David R.},
 journal = {ACM TOPLAS},
 number = {3},
 title = {Virtual time},
 volume = {7},
 year = {1985},
}

@inproceedings{jeffrey:micro15:swarm,
 author = {Mark C. Jeffrey and Suvinay Subramanian and Cong Yan and Joel Emer and Daniel Sanchez},
 crossref = {micro15},
 title = {{A scalable architecture for ordered parallelism}},
}

@inproceedings{jeffrey:micro16:hints,
 author = {Jeffrey, Mark C. and Subramanian, Suvinay and Abeydeera, Maleen and Emer, Joel and Sanchez, Daniel},
 crossref = {micro16},
 title = {{Data-centric execution of speculative parallel programs}},
}

@inproceedings{jeffrey:spaa11:bloom-filters,
 author = {Jeffrey, Mark C. and Steffan, J. Gregory},
 crossref = {spaa11},
 title = {{Understanding Bloom filter intersection for lazy address-set disambiguation}},
}

@article{jeffrey:toppicks16:swarm,
 author = {Mark C. Jeffrey and Suvinay Subramanian and Cong Yan and Joel Emer and Daniel Sanchez},
 journal = {IEEE Micro},
 number = {3},
 title = {{Unlocking ordered parallelism with the Swarm architecture}},
 volume = {36},
 year = {2016},
}

@inproceedings{jiang:hpca12:srp,
 author = {Jiang, N. and Becker, D.U. and Michelogiannakis, G. and Dally, W.J.},
 booktitle = {Proc. of the 18th intl. symp. on High Performance Computer Architecture},
 title = {Network congestion avoidance through Speculative Reservation},
 year = {2012},
}

@inproceedings{johnson:pldi04:mincut-tls,
 author = {Johnson, Troy A. and Eigenmann, Rudolf and T. N. Vijaykumar},
 crossref = {pldi04},
 title = {{Min-cut program decomposition for thread-level speculation}},
}

@techreport{jouppi:cacti,
 author = {Thoziyoor, Shyamkumar and Muralimanohar, Naveen and Ahn, Jung Ho and Jouppi, Norman P.},
 institution = {HP Labs},
 number = {HPL-2008-20},
 title = {{CACTI} 5.1},
 year = {2008},
}

@inproceedings{jouppi:isca90:victim_cache,
 author = {Jouppi, Norman P.},
 booktitle = {Proc. of the 17th annual Intl. Symp. on Computer Architecture},
 title = {Improving direct-mapped cache performance by the addition of a small fully-associative cache and prefetch buffers},
 year = {1990},
}

@article{jun:jor99:healthcare-des,
 author = {Jun, JB and Jacobson, SH and Swisher, JR and others},
 journal = {Journal of the operational research society},
 number = {2},
 title = {{Application of discrete-event simulation in health care clinics: A survey}},
 volume = {50},
 year = {1999},
}

@inproceedings{kagi:isca97:qolb,
 author = {K\"{a}gi, Alain and Burger, Doug and Goodman, James R.},
 crossref = {isca97},
 title = {{Efficient synchronization: Let them eat {QOLB}}},
}

@article{kallman:vldb08:hstore,
 author = {Kallman, Robert and Kimura, Hideaki and Natkins, Jonathan and Pavlo, Andrew and Rasin, Alexander and Zdonik, Stanley and Jones, Evan P. C. and Madden, Samuel and Stonebraker, Michael and Zhang, Yang and Hugg, John and Abadi, Daniel J.},
 journal = {Proc. VLDB Endow.},
 number = {2},
 title = {{H}-{S}tore: a High-Performance, Distributed Main Memory Transaction Processing System},
 volume = {1},
 year = {2008},
}

@inproceedings{karczmarek2008synthesis,
 author = {Karczmarek, Michal and Arvind},
 booktitle = {Proc. ICCD},
 title = {Synthesis from multi-cycle atomic actions as a solution to the timing closure problem},
 year = {2008},
}

@inproceedings{karczmarek:lctes03:push,
 author = {Karczmarek, Michal and Thies, William and Amarasinghe, Saman},
 booktitle = {Proc. of the ACM SIGPLAN conf. on Languages, Compilers, and Tools for Embedded Systems},
 title = {Phased scheduling of stream programs},
 year = {2003},
}

@inproceedings{karger:stoc97:consistent-hashing,
 author = {Karger, D. and Lehman, E. and Leighton, T. and Panigrahy, R. and Levine, M. and Lewin, D.},
 booktitle = {Proc. of the 29th annual ACM Symp. on Theory of Computing},
 title = {Consistent hashing and random trees: Distributed caching protocols for relieving hot spots on the World Wide Web},
 year = {1997},
}

@article{karypis:siam98:metis,
 author = {Karypis, George and Kumar, Vipin},
 issue = {1},
 journal = {SIAM J. Sci. Comput.},
 title = {A Fast and High Quality Multilevel Scheme for Partitioning Irregular Graphs},
 volume = {20},
 year = {1998},
}

@inproceedings{kasture:asplos14:ubik,
 author = {Harshad Kasture and Daniel Sanchez},
 booktitle = {Proc. of the 19th international conference on Architectural Support for Programming Languages and Operating Systems},
 title = {{Ubik: Efficient Cache Sharing with Strict QoS for Latency-Critical Workloads}},
 year = {2014},
}

@article{keckler:ieeemicro11:echelon,
 author = {Keckler, Stephen W. and Dally, William J. and Khailany, Brucek and Garland, Michael and Glasco, David},
 journal = {IEEE Micro},
 number = {5},
 title = {{GPUs and the future of parallel computing}},
 year = {2011},
}

@inproceedings{keckler:isca98:m-machine,
 author = {Keckler, Stephen W. and Dally, William J. and Maskit, Daniel and Carter, Nicholas P. and Chang, Andrew and Lee, Whay S.},
 crossref = {isca98},
 title = {{Exploiting fine-grain thread level parallelism on the MIT multi-ALU processor}},
}

@inproceedings{kejariwal:ics06:oracle-tls-spec2000,
 author = {Kejariwal, Arun and Tian, Xinmin and Li, Wei and Girkar, Milind and Kozhukhov, Sergey and Saito, Hideki and Banerjee, Utpal and Nicolau, Alexandru and Veidenbaum, Alexander V. and Polychronopoulos, Constantine D.},
 crossref = {ics06},
 title = {On the Performance Potential of Different Types of Speculative Thread-level Parallelism},
}

@inproceedings{kejariwal:ppopp07:tls-spec2006,
 author = {Kejariwal, Arun and Tian, Xinmin and Girkar, Milind and Li, Wei and Kozhukhov, Sergey and Banerjee, Utpal and Nicolau, Alexander and Veidenbaum, Alexander V. and Polychronopoulos, Constantine D.},
 crossref = {ppopp07},
 title = {Tight Analysis of the Performance Potential of Thread Speculation Using {SPEC CPU2006}},
}

@inproceedings{kelm:isca09:rigel,
 author = {Kelm, J.H. and Johnson, D.R. and Johnson, M.R. and Crago, N.C. and Tuohy, W. and Mahesri, A. and Lumetta, S.S. and Frank, M.I. and Patel, S.J.},
 booktitle = {Proc. of the 36th annual Intl. Symp. on Computer Architecture},
 title = {{Rigel: An architecture and scalable programming interface for a 1000-core accelerator}},
 year = {2009},
}

@inproceedings{kelm:pact10:waypoint,
 author = {Kelm, J.H. and Johnson, M.R. and Lumetta, S.S. and Patel, S.J.},
 booktitle = {Proc. of the 19th intl. conf. on Parallel Architectures and Compilation Techniques},
 title = {{WayPoint: scaling coherence to 1000-core architectures}},
 year = {2010},
}

@article{kerneis:hosc11:cpc,
 author = {Gabriel Kerneis and Juliusz Chroboczek},
 journal = {Higher-Order and Symbolic Computation},
 number = {3},
 title = {Continuation-Passing {C}: compiling threads to events through continuations},
 volume = {24},
 year = {2011},
}

@article{khailany:micro01:imagine,
 author = {Khailany, B. and Dally, W. J. and Kapasi, U. J. and Mattson, P. and Namkoong, J. and Owens, J. D. and Towles, B. and Chang, A. and Rixner, S.},
 journal = {Micro, IEEE},
 number = {2},
 title = {Imagine: media processing with streams},
 volume = {21},
 year = {2001},
}

@inproceedings{khan:ispass12:arete,
 author = {Khan, Asif and Vijayaraghavan, Muralidaran and Silas Boyd-Wickizer, Arvind},
 booktitle = {Proc. ISPASS},
 title = {Fast and cycle-accurate modeling of a multicore processor},
 year = {2012},
}

@inproceedings{kharbutli:hpca04:prime_hashing,
 author = {Kharbutli, Mazen and Irwin, Keith and Solihin, Yan and Lee, Jaejin},
 booktitle = {Proc. of the 10th intl. symp. on High-Performance Computer Architecture},
 title = {Using Prime Numbers for Cache Indexing to Eliminate Conflict Misses},
 year = {2004},
}

@misc{khronos:opencl,
 author = {{Khronos Group}},
 title = {Open{CL} 1.0 Specification},
 year = {2009},
}

@inproceedings{kim:asplos02:nuca,
 author = {Changkyu Kim and Doug Burger and Stephen W. Keckler},
 crossref = {asplos02},
 title = {An adaptive, non-uniform cache structure for wire-delay dominated on-chip caches},
}

@inproceedings{kim:micro10:dsmtx,
 author = {Kim, Hanjun and Raman, Arun and Liu, Feng and Lee, Jae W. and August, David I.},
 booktitle = {Proc. of the 2010 43rd Annual IEEE/ACM International Symposium on Microarchitecture},
 title = {Scalable speculative parallelization on commodity clusters},
 year = {2010},
}

@inproceedings{kim:micro10:tcm,
 author = {Kim, Y. and Papamichael, M. and Mutlu, O. and Harchol-Balter, M.},
 booktitle = {Proc. of the 43rd intl. symp. on Microarchitecture},
 title = {Thread cluster memory scheduling: Exploiting differences in memory access behavior},
 year = {2010},
}

@inproceedings{king2012automatic,
 author = {King, Myron and Dave, Nirav and Arvind},
 crossref = {asplos12},
 title = {Automatic generation of hardware/software interfaces},
 year = {2012},
}

@inproceedings{kirsch:esa08:cuckoo-stash,
 author = {Kirsch, A. and Mitzenmacher, M. and Wieder, U.},
 booktitle = {Proc. of the European Symp. on Algorithms},
 title = {{More robust hashing: Cuckoo hashing with a stash}},
 year = {2008},
}

@article{kozyrakis:ieeemicro10:server-engineering,
 author = {Kozyrakis, C. and Kansal, A. and Sankar, S. and Vaid, K.},
 journal = {Micro, IEEE},
 number = {4},
 title = {Server engineering insights for large-scale online services},
 volume = {30},
 year = {2010},
}

@inproceedings{kroft:isca81:lockup-free,
 author = {Kroft, David},
 booktitle = {Proc. of the 8th annual Intl. Symp. on Computer Architecture},
 title = {Lockup-free instruction fetch/prefetch cache organization},
 year = {1981},
}

@inproceedings{kudlur:pldi08:sgms,
 author = {Kudlur, Manjunath and Mahlke, Scott},
 booktitle = {Proc. of the ACM SIGPLAN conf. on Programming Language Design and Implementation},
 title = {Orchestrating the execution of stream programs on multicore platforms},
 year = {2008},
}

@inproceedings{kulkarni:ispass09:lonestar,
 author = {Kulkarni, Milind and Burtscher, Martin and Ca{\c{s}}caval, C{\u{a}}lin and Pingali, Keshav},
 crossref = {ispass09},
 title = {{Lonestar: A suite of parallel irregular programs}},
}

@inproceedings{kulkarni:pldi07:optimistic,
 author = {Kulkarni, Milind and Pingali, Keshav and Walter, Bruce and Ramanarayanan, Ganesh and Bala, Kavita and Chew, L. Paul},
 booktitle = {Proc. PLDI},
 title = {Optimistic parallelism requires abstractions},
 year = {2007},
}

@inproceedings{kulkarni:pldi11:comm-lattice,
 author = {Kulkarni, Milind and Nguyen, Donald and Prountzos, Dimitrios and Sui, Xin and Pingali, Keshav},
 crossref = {pldi11},
 title = {{Exploiting the commutativity lattice}},
}

@inproceedings{kulkarni:spaa08:galois-scheduling,
 author = {Kulkarni,, Milind and Carribault,, Patrick and Pingali,, Keshav and Ramanarayanan,, Ganesh and Walter,, Bruce and Bala,, Kavita and Chew,, L. Paul},
 booktitle = {Proc. of the 20th annual Symp. on Parallelism in Algorithms and Architectures},
 title = {Scheduling strategies for optimistic parallel execution of irregular programs},
 year = {2008},
}

@inproceedings{kumar:isca07:carbon,
 author = {Kumar,, Sanjeev and Hughes,, Christopher and Nguyen,, Anthony},
 crossref = {isca07},
 title = {Carbon: architectural support for fine-grained parallelism on chip multiprocessors},
}

@article{kung:tods81:occ,
 author = {Kung, Hsiang-Tsung and Robinson, John T.},
 journal = {ACM Transactions on Database Systems (TODS)},
 number = {2},
 title = {On optimistic methods for concurrency control},
 volume = {6},
 year = {1981},
}

@inproceedings{kurd:isscc10:westmere,
 author = {Kurd, N.A. and Bhamidipati, S. and Mozak, C. and Miller, J.L. and Wilson, T.M. and Nemani, M. and Chowdhury, M.},
 booktitle = {IEEE Intl. Solid-State Circuits Conf.},
 title = {Westmere: A family of 32nm {IA} processors},
 year = {2010},
}

@inproceedings{kurian:pact10:atac,
 author = {Kurian, G. and Miller, J.E. and Psota, J. and Eastep, J. and Liu, J. and Michel, J. and Kimerling, L.C. and Agarwal, A.},
 booktitle = {Proc. of the 19th intl. conf. on Parallel Architectures and Compilation Techniques},
 title = {{ATAC: A 1000-core cache-coherent processor with on-chip optical network}},
 year = {2010},
}

@inproceedings{kuszmaul:ismm15:supermalloc,
 author = {Kuszmaul, Bradley C},
 booktitle = {Proc. ISMM},
 title = {{SuperMalloc: A super fast multithreaded malloc for 64-bit machines}},
 year = {2015},
}

@inproceedings{lam:isca92:controlflow,
 author = {Lam, Monica and Wilson, Robert},
 crossref = {isca92},
 title = {{Limits of control flow on parallelism}},
}

@inproceedings{lam:pldi88:sw-pipelining,
 author = {Lam, Monica},
 crossref = {pldi88},
 title = {{Software pipelining: An effective scheduling technique for VLIW machines}},
}

@inproceedings{le:icml11:large-scale-learning,
 author = {Le, Quoc V. and Ranzato, Marc'Aurelio and Monga, Rajat and Devin, Matthieu and Chen, Kai and Corrado, Greg S. and Dean, Jeff and Ng, Andrew Y.},
 booktitle = {Proc. ICML},
 title = {Building high-level features using large scale unsupervised learning},
 year = {2012},
}

@inproceedings{lebeck:isca95:dsi,
 author = {Lebeck, A.R. and Wood, D.A.},
 booktitle = {Proc. of the 22nd annual Intl. Symp. in Computer Architecture},
 title = {{Dynamic Self-Invalidation: Reducing Coherence Overhead in Shared-Memory Multiprocessors}},
 year = {1995},
}

@inproceedings{lee2007continual,
 author = {Lee, Jae W. and King, Myron and Asanovic, Krste},
 booktitle = {Proc. ICCD},
 title = {Continual hashing for efficient fine-grain state inconsistency detection},
 year = {2007},
}

@article{lee:computer87:sas,
 author = {Lee, Edward Ashford and Messerschmitt, David G.},
 journal = {IEEE Trans. Comput.},
 number = {1},
 title = {Static scheduling of synchronous data flow programs for digital signal processing},
 volume = {36},
 year = {1987},
}

@inproceedings{lee:hpca11:haqu,
 author = {Lee, S. and Tiwari, D. and Solihin, Y. and Tuck, J.},
 booktitle = {Proc. of the 17th intl. symp. on High-Performance Computer Architecture},
 title = {{HAQu: Hardware-accelerated queueing for fine-grained threading on a chip multiprocessor}},
 year = {2011},
}

@inproceedings{lee:pact10:daft,
 author = {Lee, Yun and Zhang, Jae W. and Nick P. Johnson and David I. August},
 booktitle = {Proc. PACT},
 title = {{DAFT: Decoupled Acyclic Fault Tolerance}},
 year = {2010},
}

@inproceedings{lee:pads05:netsim,
 author = {Lee, Samson and Leaney, John and O'Neill, Tim and Hunter, Mark},
 booktitle = {Proceedings of the 19th Workshop on Principles of Advanced and Distributed Simulation},
 organization = {IEEE Computer Society},
 pages = {101--108},
 title = {Performance benchmark of a parallel and distributed network simulator},
 year = {2005},
}

@inproceedings{leiserson:spaa10:pbfs,
 author = {Leiserson, Charles and Schardl, Tao},
 crossref = {spaa10},
 title = {{A work-efficient parallel breadth-first search algorithm}},
}

@inproceedings{leverich:isca07:cmp_memory_systems,
 author = {Leverich, J. and Arakida, H. and Solomatnikov, A. and Firoozshahian, A. and Horowitz, M. and Kozyrakis, C.},
 booktitle = {Proc. of the 34th annual Intl. Symp. on Computer Architecture},
 title = {Comparing memory systems for chip multiprocessors},
 year = {2007},
}

@article{lew:arma03:avi,
 author = {Lew, Adrian and Marsden, Jerrold and Ortiz, Michael and West, Matthew},
 journal = {Arch. Rational Mech. Anal.},
 number = {2},
 title = {{Asynchronous variational integrators}},
 volume = {167},
 year = {2003},
}

@article{li:jocec12:des-data-cleansing,
 author = {Li, Yibai and Joshi, KD},
 journal = {Journal of Organizational Computing and Electronic Commerce},
 number = {4},
 pages = {361--393},
 publisher = {Taylor \& Francis},
 title = {Data Cleansing Decisions: Insights from Discrete-Event Simulations of Firm Resources and Data Quality},
 volume = {22},
 year = {2012},
}

@article{li:jpds11:coqos,
 author = {Li, B. and Zhao, L. and Iyer, R. and Peh, L.S. and Leddige, M. and Espig, M. and Lee, S.E. and Newell, D.},
 journal = {Journal of Parallel and Distributed Computing},
 number = {5},
 title = {{CoQoS: Coordinating QoS-aware shared resources in NoC-based SoCs}},
 volume = {71},
 year = {2011},
}

@inproceedings{li:micro09:mcpat,
 author = {Li, Sheng and Ahn, Jung Ho and Strong, Richard D. and Brockman, Jay B. and Tullsen, Dean M. and Jouppi, Norman P.},
 booktitle = {Proc. of the 42nd annual IEEE/ACM intl. symp. on Microarchitecture},
 title = {{McPAT}: an integrated power, area, and timing modeling framework for multicore and manycore architectures},
 year = {2009},
}

@conference{lin:hpca08:coloring-part,
 author = {Lin, J. and Lu, Q. and Ding, X. and Zhang, Z. and Zhang, X. and Sadayappan, P.},
 booktitle = {Proc. of the 14th intl. symp. on High Performance Computer Architecture},
 title = {{Gaining insights into multicore cache partitioning: Bridging the gap between simulation and real systems}},
 year = {2008},
}

@phdthesis{lindegger:epfl13:barrelfish-numa,
 author = {Lindegger, Reto},
 school = {EPFL},
 title = {NUMA Migration on the Barrelﬁsh OS},
 year = {2013},
}

@inproceedings{litz:asplos14:si-tm,
 author = {Heiner Litz and David Cheriton and Amin Firozshahian and Omid Azizi and J. Peter Stevenson},
 crossref = {asplos14},
 title = {{SI-TM: Improving Transactional Memory Abort Rates through Snapshot Isolation}},
 year = {2014},
}

@inproceedings{liu:hotpar09:tessellation,
 author = {Liu, R. and Klues, K. and Bird, S. and Hofmeyr, S. and Asanovi{\'c}, K. and Kubiatowicz, J.},
 booktitle = {Proc. of the 1st USENIX Workshop on Hot Topics in Parallelism},
 title = {{Tessellation: Space-time partitioning in a manycore client OS}},
 year = {2009},
}

@inproceedings{liu:ppopp06:posh,
 author = {Liu, Wei and Tuck, James and Ceze, Luis and Ahn, Wonsun and Strauss, Karin and Renau, Jose and Torrellas, Josep},
 crossref = {ppopp06},
 title = {{POSH: a TLS compiler that exploits program structure}},
}

@inproceedings{liu:sosp11:dthreads,
 author = {Liu, Tongping and Curtsinger, Charlie and Berger, Emery D.},
 crossref = {sosp11},
 title = {Dthreads: efficient deterministic multithreading},
}

@inproceedings{lucia:hotpar10:lock-prediction,
 author = {Lucia, Brandon and Devietti, Joseph and Bergan, Tom and Ceze, Luis and Grossman, Dan},
 booktitle = {2nd USENIX Workshop on Hot Topics in Parallelism},
 title = {{Lock prediction}},
 year = {2010},
}

@inproceedings{luk:pldi05:pin,
 author = {Chi-Keung Luk and Cohn, Robert and Muth, Robert and Patil, Harish and Klauser, Artur and Lowney, Geoff and Wallace, Steven and Reddi, Vijay Janapa and Hazelwood, Kim},
 crossref = {pldi05},
 title = {{Pin: Building customized program analysis tools with dynamic instrumentation}},
}

@book{lynch:book96:distributed,
 address = {San Francisco, CA, USA},
 author = {Lynch, Nancy A.},
 publisher = {Morgan Kaufmann Publishers Inc.},
 title = {Distributed Algorithms},
 year = {1996},
}

@inproceedings{ma:hpca12:collective-comm,
 author = {Ma, Sheng and Jerger, Natalie Enright and Wang, Zhiying},
 booktitle = {Proc. HPCA},
 title = {Supporting efficient collective communication in {NoCs}},
 year = {2012},
}

@inproceedings{mackenzie:hpca98:udm,
 author = {Mackenzie, K. and Kubiatowicz, J. and Frank, M. and Lee, W. and Lee, V. and Agarwal, A. and Kaashoek, M.},
 booktitle = {Proc. of the 4th intl. symp. on High-Performance Computer Architecture},
 title = {Exploiting Two-Case Delivery for Fast Protected Messaging},
 year = {1998},
}

@inproceedings{maggio:icac11:seec-control,
 author = {Maggio, M. and Hoffmann, H. and Santambrogio, M.D. and Agarwal, A. and Leva, A.},
 booktitle = {Proc. of the 8th ACM Intl. Conf. on Autonomic Computing},
 title = {Decision making in autonomic computing systems: comparison of approaches and techniques},
 year = {2011},
}

@inproceedings{malladi:isca12:dc-mobile-dram,
 author = {Malladi, K.T. and Lee, B.C. and Nothaft, F.A. and Kozyrakis, C. and Periyathambi, K. and Horowitz, M.},
 booktitle = {Proc. of the 39th Intl. Symp. on Computer Architecture},
 title = {{Towards energy-proportional datacenter memory with mobile DRAM}},
 year = {2012},
}

@inproceedings{malladi:micro12:memblaze,
 author = {Krishna Malladi and Ian Shaeffer and Liji Gopalakrishnan and David Lo and Benjamin Lee and Mark Horowitz},
 booktitle = {Proc. of the 45th intl. symp. on Microarchitecture},
 title = {{Rethinking DRAM Power Modes for Energy Proportionality}},
 year = {2012},
}

@inproceedings{manikantan:isca12:prism,
 author = {Manikantan, R. and Rajan, Kaushik and Govindarajan, R.},
 booktitle = {Proc. of the 39th Intl. Symp. on Computer Architecture},
 title = {{Probabilistic shared cache management (PriSM)}},
 year = {2012},
}

@inproceedings{mars:micro11:bubbleup,
 author = {Mars, J. and Tang, L. and Hundt, R. and Skadron, K. and Soffa, M.L.},
 booktitle = {Proc. of the 44th intl. symp. on Microarchitecture},
 title = {Bubble-up: Increasing utilization in modern warehouse scale computers via sensible co-locations},
 year = {2011},
}

@article{martin:can05:gems,
 author = {Milo M.K. Martin and Daniel J. Sorin and Bradford M. Beckmann and Michael R. Marty and Min Xu and Alaa R. Alameldeen and Kevin E. Moore and  Mark D. Hill and David A. Wood},
 journal = {Computer Architecture News},
 title = {{Multifacet's General Execution-driven Multiprocessor Simulator ({GEMS}) Toolset}},
 year = {2005},
}

@inproceedings{martinez:asplos02:spec-synchro,
 author = {Mart\'{\i}nez, Jos{\'e} F. and Torrellas, Josep},
 crossref = {asplos02},
 title = {Speculative Synchronization: Applying Thread-level Speculation to Explicitly Parallel Applications},
}

@inproceedings{marty:isca07:virtual-hierarchies,
 author = {Marty, M.R. and Hill, Mark D.},
 booktitle = {Proc. of the 34th annual Intl. Symp. on Computer Srchitecture},
 title = {Virtual hierarchies to support server consolidation},
 year = {2007},
}

@inproceedings{mathuriya:sac09:gtfold,
 author = {Mathuriya,, Amrita and Bader,, David A. and Heitsch,, Christine E. and Harvey,, Stephen C.},
 booktitle = {Proc. of the 2009 ACM Symp. on Applied Computing},
 title = {{{GT}fold: A scalable multicore code for {RNA} secondary structure prediction}},
 year = {2009},
}

@article{mattern:1993:efficient-gvt,
 author = {Mattern, Friedemann},
 journal = {Journal of Parallel and Distributed Computing},
 number = {4},
 title = {Efficient algorithms for distributed snapshots and global virtual time approximation},
 volume = {18},
 year = {1993},
}

@article{mccune:csur15:think-like-vertex,
 articleno = {25},
 author = {McCune, Robert Ryan and Weninger, Tim and Madey, Greg},
 doi = {10.1145/2818185},
 journal = {ACM Computing Surveys (CSUR)},
 month = {October},
 number = {2},
 title = {Thinking Like a Vertex: A Survey of Vertex-Centric Frameworks for Large-Scale Distributed Graph Processing},
 volume = {48},
 year = {2015},
}

@inproceedings{mcdonald:isca06:tcc_isa,
 author = {McDonald, Austen and Chung, JaeWoong and Carlstrom, Brian D. and Minh, Chi Cao and Chafi, Hassan and Kozyrakis, Christos and Olukotun, Kunle},
 crossref = {isca06},
 title = {{Architectural semantics for practical transactional memory}},
}

@inproceedings{mcmahan:kdd13:ad-prediction,
 author = {H. Brendan McMahan and Gary Holt and D. Sculley and Michael Young and Dietmar Ebner and Julian Grady and Lan Nie and Todd Phillips and Eugene Davydov and Daniel Golovin and Sharat Chikkerur and Dan Liu and Martin Wattenberg and Arnar Mar Hrafnkelsson and Tom Boulos and Jeremy Kubica},
 booktitle = {Proc. of the 19th ACM SIGKDD international conference on Knowledge discovery and data mining},
 title = {Ad click prediction: a view from the trenches},
 year = {2013},
}

@article{meisner:asplos09:powernap,
 author = {Meisner, D. and Gold, B.T. and Wenisch, T.F.},
 journal = {Proc. of the 14th intl. conf. on Architectural Support for Programming Languages and Operating Systems},
 title = {{PowerNap: eliminating server idle power}},
 year = {2009},
}

@inproceedings{merino:hpca10:esp-nuca,
 author = {Merino, J. and Puente, V. and Gregorio, J.A.},
 booktitle = {Proc. of the 16th intl. symp. on High Performance Computer Architecture},
 title = {ESP-NUCA: A low-cost adaptive non-uniform cache architecture},
 year = {2010},
}

@article{meyer:ja03:delta-stepping,
 author = {Meyer, U. and Sanders, P.},
 journal = {Journal of Algorithms},
 number = {1},
 title = {Delta-stepping: A Parallelizable Shortest Path Algorithm},
 volume = {49},
 year = {2003},
}

@inproceedings{michelogiannakis:nocs:2010:bufferlesseval,
 author = {George Michelogiannakis and Daniel Sanchez and William J. Dally and Christos Kozyrakis},
 booktitle = {Proceedings of the 4th ACM/IEEE international symposium on Networks-on-Chip (NOCS-2010)},
 month = {May},
 title = {{Evaluating Bufferless Flow Control for On-Chip Networks}},
 year = {2010},
}

@inproceedings{miller:hpca10:graphite,
 author = {Miller, J.E. and Kasture, H. and Kurian, G. and Gruenwald, C. and Beckmann, N. and Celio, C. and Eastep, J. and Agarwal, A.},
 booktitle = {HPCA-16},
 title = {Graphite: A distributed parallel simulator for multicores},
 year = {2010},
}

@inproceedings{minh:iiswc08:stamp,
 author = {Minh, Ch{\'i} Cao and Chung, Jaewoong and Kozyrakis, Christos and Olukotun, Kunle},
 crossref = {iiswc08},
 title = {{STAMP: Stanford} Transactional Applications for Multi-Processing},
}

@inproceedings{minh:isca07:sigtm,
 author = {Minh, Chi Cao and Trautmann, Martin and Chung, JaeWoong and McDonald, Austen and Bronson, Nathan and Casper, Jared and Kozyrakis, Christos and Olukotun, Kunle},
 crossref = {isca07},
 title = {{An effective hybrid transactional memory system with strong isolation guarantees}},
}

@article{misra:csur86:distributed-des,
 author = {Misra, Jayadev},
 journal = {ACM Computing Surveys (CSUR)},
 number = {1},
 title = {{Distributed discrete-event simulation}},
 volume = {18},
 year = {1986},
}

@inproceedings{mitzenmacher:esa09:cuckoo_open,
 author = {Michael Mitzenmacher},
 booktitle = {Proc. of the 17th annual European Symp. on Algorithms},
 title = {Some Open Questions Related to Cuckoo Hashing},
 year = {2009},
}

@article{moore:elec65:mooreslaw,
 author = {Gordon E. Moore},
 booktitle = {Electronics},
 number = {8},
 title = {Cramming more components onto integrated circuits},
 volume = {38},
 year = {1965},
}

@inproceedings{moore:hpca06:logtm,
 author = {Moore, Kevin and Bobba, Jayaram and Moravan, Michelle and Hill, Mark D. and Wood, David},
 crossref = {hpca06},
 title = {{LogTM: Log-based transactional memory}},
}

@inproceedings{moore:popl08:atomsfamily,
 author = {Moore, Katherine F. and Grossman, Dan},
 crossref = {popl08},
 title = {High-level Small-step Operational Semantics for Transactions},
}

@inproceedings{moravan:asplos06:logtm-nesting,
 author = {Moravan, Michelle J. and Bobba, Jayaram and Moore, Kevin E. and Yen, Luke and Hill, Mark D. and Liblit, Ben and Swift, Michael M. and Wood, David A.},
 crossref = {asplos06},
 title = {Supporting nested transactional memory in {LogTM}},
}

@inproceedings{moshovos:isca97:mdp,
 author = {Moshovos, Andreas and Breach, Scott E. and T. N. Vijaykumar and Sohi, Gurindar S.},
 booktitle = {Proc. ISCA},
 title = {Dynamic speculation and synchronization of data dependences},
 year = {1997},
}

@article{moss:scool05:tm-nesting,
 author = {Moss, J. Eliot B. and Hosking, Antony L.},
 journal = {Science of Computer Programming},
 number = {2},
 title = {{Nested transactional memory: Model and architecture sketches}},
 volume = {63},
 year = {2006},
}

@inproceedings{moss:wmpi06:open-nested,
 author = {Moss, J Eliot B},
 booktitle = {Workshop on Memory Performance Issues},
 title = {{Open nested transactions: Semantics and support}},
 year = {2006},
}

@inproceedings{muralimanohar:micro07:cacti6,
 author = {Muralimanohar, Naveen and Balasubramonian, Rajeev and Jouppi, Norm},
 booktitle = {Proc. of the 40th intl. symp. on Microarchitecture},
 title = {Optimizing {NUCA} Organizations and Wiring Alternatives for Large Caches with {CACTI} 6.0},
 year = {2007},
}

@inproceedings{murphy:cc16:helix-with-tm,
 author = {Murphy, Niall and Jones, Timothy and Mullins, Robert and Campanoni, Simone},
 crossref = {cc16},
 title = {Performance Implications of Transient Loop-carried Data Dependences in Automatically Parallelized Loops},
}

@inproceedings{nagarajan:isca09:ecmon,
 author = {Nagarajan, Vijay and Gupta, Rajiv},
 booktitle = {Proc. of the 36th annual Intl. Symp. on Computer Architecture},
 title = {{ECMon}: exposing cache events for monitoring},
 year = {2009},
}

@inproceedings{narula:osdi14:doppel,
 author = {Narula, Neha and Cutler, Cody and Kohler, Eddie and Morris, Robert},
 crossref = {osdi14},
 title = {{Phase Reconciliation for Contended In-Memory Transactions.}},
}

@conference{navarro:pact09:pipeline-ts,
 author = {Navarro, A. and Asenjo, R. and Tabik, S. and Ca{\c{s}}caval, C{\u{a}}lin},
 booktitle = {Proc. of the 18th intl. conf. on Parallel Architectures and Compilation Techniques},
 title = {{Analytical modeling of pipeline parallelism}},
 year = {2009},
}

@phdthesis{nelson:atc15:grappa,
 author = {Nelson, Jacob Eric},
 title = {{Latency-Tolerant Distributed Shared Memory For Data-Intensive Applications}},
 year = {2015},
}

@inproceedings{nesbit:micro06:fair-queuing-mcs,
 author = {Nesbit, K.J. and Aggarwal, N. and Laudon, J. and Smith, J.E.},
 booktitle = {Proc. of the 39th intl. symp. on Microarchitecture},
 title = {Fair queuing memory systems},
 year = {2006},
}

@inproceedings{nguyen:asplos11:sched-synth,
 author = {Nguyen, D. and Pingali, K.},
 booktitle = {Proc. of the 16th intl. conf. on Architectural Support for Programming Languages and Operating Systems},
 title = {Synthesizing concurrent schedulers for irregular algorithms},
 year = {2011},
}

@inproceedings{nguyen:asplos11:synth-schedulers,
 author = {Nguyen, Donald and Pingali, Keshav},
 crossref = {asplos11},
 title = {{Synthesizing concurrent schedulers for irregular algorithms}},
}

@incollection{nguyen:tr11:cpq,
 author = {Lenharth, Andrew and Nguyen, Donald and Pingali, Keshav},
 booktitle = {Euro-Par 2015: Parallel Processing},
 pages = {209--221},
 publisher = {Springer},
 title = {{Priority queues are not good concurrent priority schedulers}},
 year = {2015},
}

@inproceedings{ni:ppopp07:open-nesting-stm,
 author = {Ni, Yang and Menon, Vijay S. and Adl-Tabatabai, Ali-Reza and Hosking, Antony L. and Hudson, Richard L. and Moss, J. Eliot B. and Saha, Bratin and Shpeisman, Tatiana},
 crossref = {ppopp07},
 title = {{Open nesting in software transactional memory}},
}

@inproceedings{niagara2-hotchips,
 author = {Greg Grohoski},
 booktitle = {18th Hot Chips Symp.},
 title = {Niagara2: A Highly-Threaded Server-on-A-Chip},
 year = {2006},
}

@inproceedings{nicolau:micro81:oracle-parallelism,
 author = {Nicolau, Alexandru and Fisher, Joseph},
 crossref = {micro81},
 title = {{Using an oracle to measure potential parallelism in single instruction stream programs}},
}

@inproceedings{nii:isscc14:tccam,
 author = {Nii, K. and Amano, T. and Watanabe, N. and Yamawaki, M. and Yoshinaga, K. and Wada, M. and Hayashi, I.},
 crossref = {isscc14},
 title = {{A 28nm 400MHz 4-Parallel 1.6Gsearch/s 80Mb  Ternary CAM}},
}

@inproceedings{nikas:icpp09:sssp-htm,
 author = {Nikas, Konstantinos and Anastopoulos, Nikos and Goumas, Georgios and Koziris, Nectarios},
 booktitle = {ICPP},
 title = {{Employing transactional memory and helper threads to speedup Dijkstra's algorithm}},
 year = {2009},
}

@inproceedings{nikhil:isca89:p-risc,
 author = {Nikhil, Rishiyur S.},
 crossref = {isca89},
 title = {{Can dataflow subsume von Neumann computing?}},
}

@inproceedings{nikhil:memocode04:bluespec,
 author = {Nikhil, Rishiyur},
 booktitle = {Proc. MEMOCODE},
 title = {{Bluespec System Verilog: efficient, correct RTL from high level specifications}},
 year = {2004},
}

@article{nikhil:toc90:ttda,
 author = {Nikhil, RS and Arvind},
 journal = {IEEE Trans. on Computers},
 number = {3},
 title = {{Executing a program on the MIT tagged-token dataflow architecture}},
 volume = {39},
 year = {1990},
}

@inproceedings{noakes:isca93:j-machine,
 author = {Noakes, Michael and Wallach, Deborah and Dally, William},
 crossref = {isca93},
 title = {The {J}-{M}achine multicomputer: An architectural evaluation},
}

@inproceedings{nowatzki:pldi13:ilp,
 author = {Nowatzki, Tony and Sartin-Tarm, Michael and De Carli, Lorenzo and Sankaralingam, Karthikeyan and Estan, Cristian and Robatmili, Behnam},
 crossref = {pldi13},
 title = {{A general constraint-centric scheduling framework for spatial architectures}},
}

@inproceedings{nsf12:21st-century-arch,
 author = {A Community Whitepaper},
 booktitle = {NSF Outbrief},
 title = {21st Century Computer Architecture},
 year = {2012},
}

@misc{nvidia:cuda,
 author = {{NVIDIA}},
 title = {{CUDA} 3.0 Reference Manual},
 year = {2010},
}

@misc{nvidia:cudasdk,
 author = {{NVIDIA}},
 title = {{CUDA SDK Code Samples} \url{http://developer.nvidia.com/object/cuda_sdk_samples.html}},
}

@inproceedings{oh:11:tlsync,
 author = {Oh, Jungju and Prvulovic, Milos and Zajic, Alenka},
 booktitle = {Proc. ISCA},
 title = {TLSync: support for multiple fast barriers using on-chip transmission lines},
 year = {2011},
}

@inproceedings{olukotun:asplos96:cmp,
 author = {Olukotun, K. and Nayfeh, B.A. and Hammond, L. and Wilson, K. and Chang, K.},
 crossref = {asplos96},
 title = {The case for a single-chip multiprocessor},
 year = {1996},
}

@misc{omp2api,
 author = {{OpenMP Application Program Interface}},
 title = {Version 2.5},
 year = {2005},
}

@inproceedings{ottoni:micro05:dswp,
 author = {Ottoni, Guilherme and Rangan, Ram and Stoler, Adam and August, David I.},
 crossref = {micro05},
 title = {Automatic Thread Extraction with Decoupled Software Pipelining},
}

@article{ousterhout:sigops10:ramcloud,
 author = {Ousterhout, J. and Agrawal, P. and Erickson, D. and Kozyrakis, C. and Leverich, J. and Mazi{\`e}res, D. and Mitra, S. and Narayanan, A. and Parulkar, G. and Rosenblum, M. and Rumble, S. M. and Stratmann, E. and Stutsman, R.},
 journal = {ACM SIGOPS Operating Systems Review},
 number = {4},
 title = {{The case for RAMClouds: scalable high-performance storage entirely in DRAM}},
 volume = {43},
 year = {2010},
}

@inproceedings{packirisamy:ispass09:spec2006-on-tls,
 author = {V. Packirisamy and A. Zhai and Wei-Chung Hsu and P. C. Yew and T. F. Ngai},
 crossref = {ispass09},
 title = {Exploring speculative parallelism in {SPEC2006}},
}

@inproceedings{pagh:esa01:cuckoo,
 author = {Pagh, Rasmus and Rodler, Flemming Friche},
 booktitle = {Proc. of the 9th annual European Symp. on Algorithms},
 title = {Cuckoo Hashing},
 year = {2001},
}

@article{pan:wbia05:pin-speculation,
 author = {Pan, Heidi and Asanovi\'{c}, Krste and Cohn, Robert and Luk, Chi-Keung},
 journal = {SIGARCH Comput. Archit. News},
 number = {5},
 title = {Controlling program execution through binary instrumentation},
 volume = {33},
 year = {2005},
}

@article{pandis:vldb10:dora,
 author = {Pandis, Ippokratis and Johnson, Ryan and Hardavellas, Nikos and Ailamaki, Anastasia},
 journal = {Proceedings of the VLDB Endowment},
 number = {1-2},
 pages = {928--939},
 publisher = {VLDB Endowment},
 title = {Data-oriented transaction execution},
 volume = {3},
 year = {2010},
}

@article{pandis:vldb11:plp,
 author = {Pandis, Ippokratis and T{\"o}z{\"u}n, Pinar and Johnson, Ryan and Ailamaki, Anastasia},
 journal = {Proceedings of the VLDB Endowment},
 number = {10},
 pages = {610--621},
 publisher = {VLDB Endowment},
 title = {PLP: page latch-free shared-everything OLTP},
 volume = {4},
 year = {2011},
}

@article{panigrahy:ieeemicro03:sorting_tcam,
 author = {Panigrahy, Rina and Sharma, Samar},
 journal = {IEEE Micro},
 number = {1},
 title = {{Sorting and searching using ternary CAMs}},
 volume = {23},
 year = {2003},
}

@inproceedings{pankratius:spaa11:tm-study,
 author = {Pankratius, Victor and Adl-Tabatabai, Ali-Reza},
 crossref = {spaa11},
 title = {A Study of Transactional Memory vs. Locks in Practice},
}

@inproceedings{papadopoulos:isca90:monsoon,
 author = {Papadopoulos, Gregory M. and Culler, David E.},
 crossref = {isca90},
 title = {{Monsoon: an explicit token-store architecture}},
}

@inproceedings{park:spaa10:team,
 author = {Park, Jongsoo and Dally, William J.},
 booktitle = {Proc. of the 22nd ACM Symp. on Parallelism in Algorithms and Architectures},
 title = {Buffer-space efficient and deadlock-free scheduling of stream applications on multi-core architectures},
 year = {2010},
}

@article{pavlo:vldb11:predictive-hstore,
 author = {Pavlo, Andrew and Jones, Evan PC and Zdonik, Stanley},
 journal = {Proc. of the VLDB Endowment},
 number = {2},
 title = {{On predictive modeling for optimizing transaction execution in parallel OLTP systems}},
 volume = {5},
 year = {2011},
}

@inproceedings{paxson2006rethinking,
 author = {Paxson, Vern and Asanovic, Krste and Dharmapurikar, Sarang and Lockwood, John and Pang, Ruoming and Sommer, Robin and Weaver, Nicholas},
 booktitle = {1st USENIX Workshop on Hot Topics in Security (HotSec)},
 title = {Rethinking hardware support for network analysis and intrusion prevention},
 year = {2006},
}

@inproceedings{pellegrini:hpcn96:scotch,
 author = {Pellegrini, Fran{\c{c}}ois and Roman, Jean},
 booktitle = {High-Performance Computing and Networking},
 title = {{Scotch: A software package for static mapping by dual recursive bipartitioning of process and architecture graphs}},
 year = {1996},
}

@article{percival:bsdcan05:cache-missing,
 author = {Percival, C.},
 journal = {BSDCan},
 title = {{Cache missing for fun and profit}},
 year = {2005},
}

@inproceedings{pingali:pldi11:tao,
 author = {Pingali, Keshav and Nguyen, Donald and Kulkarni, Milind and Burtscher, Martin and Hassaan, M. Amber and Kaleem, Rashid and Lee, Tsung-Hsien and Lenharth, Andrew and Manevich, Roman and M{\'e}ndez-Lojo, Mario and Prountzos, Dimitrios and Sui, Xin},
 crossref = {pldi11},
 title = {{The tao of parallelism in algorithms}},
}

@article{plotkin:tcs75:cps-conversion,
 author = {Gordon D. Plotkin},
 journal = {Theoretical Computer Science},
 title = {Call-by-name, Call-by-value and the $\lambda$-calculus},
 volume = {1},
 year = {1975},
}

@inproceedings{porter:pact09:tm-to-tls,
 author = {Porter, Leo and Choi, Bumyong and Tullsen, Dean},
 crossref = {pact09},
 title = {{Mapping out a path from hardware transactional memory to speculative multithreading}},
}

@article{postiff:can99:ilp-spec95,
 author = {Postiff, Matthew and Greene, David and Tyson, Gary and Mudge, Trevor},
 journal = {Comp. Arch. News},
 number = {1},
 title = {{The limits of instruction level parallelism in SPEC95 applications}},
 volume = {27},
 year = {1999},
}

@inproceedings{prabhu:ppopp05:spec2000-manual-tls,
 author = {Prabhu, Manohar K. and Olukotun, Kunle},
 crossref = {ppopp05},
 title = {Exposing Speculative Thread Parallelism in {SPEC2000}},
}

@inproceedings{prasad:tscse11:nsf-pdc,
 author = {Prasad, Sushil K. and Chtchelkanova, Almadena and Das, Sajal and Dehne, Frank and Gouda, Mohamed and Gupta, Anshul and Jaja, Joseph and Kant, Krishna and La Salle, Anita and LeBlanc, Richard and Lumsdaine, Manish and Padua, David and Parashar, Manish and Prasanna, Viktor and Robert, Yves and Rosenberg, Arnold and Sahni, Sartaj and Shirazi, Behrooz and Sussman, Alan and Weems, Charles and Wu, Jie},
 booktitle = {Proc. of the 42nd ACM technical symp. on Computer Science Education},
 title = {{NSF/IEEE-TCPP curriculum initiative on parallel and distributed computing: core topics for undergraduates}},
 year = {2011},
}

@inproceedings{prountzos:pldi15:elixir,
 author = {Prountzos, Dimitrios and Manevich, Roman and Pingali, Keshav},
 crossref = {pldi15},
 title = {{Synthesizing parallel graph programs via automated planning}},
}

@article{puschel:ieee05:spiral,
 author = {Puschel, Markus and Moura, Jos{\'e} MF and Johnson, Jeremy R. and Padua, David and Veloso, Manuela M. and Singer, Bryan W. and Xiong, Jianxin and Franchetti, Franz and Gacic, Aca and Voronenko, Yevgen and others},
 journal = {Proceedings of the IEEE},
 number = {2},
 title = {{SPIRAL: Code generation for DSP transforms}},
 volume = {93},
 year = {2005},
}

@inproceedings{qian:isca14:omniorder,
 author = {Qian, Xuehai and Sahelices, Benjamin and Torrellas, Josep},
 crossref = {isca14},
 title = {{OmniOrder: Directory-based conflict serialization of transactions}},
}

@inproceedings{qian:micro10:scalablebulk,
 author = {Qian, Xuehai and Ahn, Wonsun and Torrellas, Josep},
 booktitle = {Proceedings of the 2010 43rd Annual IEEE/ACM International Symposium on Microarchitecture},
 title = {{ScalableBulk}: Scalable cache coherence for atomic blocks in a lazy environment},
 year = {2010},
}

@inproceedings{quinones:pldi05:mitosis-tls-compiler,
 author = {Qui\~{n}ones, Carlos Garc\'{\i}a and Madriles, Carlos and S\'{a}nchez, Jes\'{u}s and Marcuello, Pedro and Gonz\'{a}lez, Antonio and Tullsen, Dean M.},
 crossref = {pldi05},
 title = {Mitosis Compiler: An Infrastructure for Speculative Threading Based on Pre-computation Slices},
}

@conference{qureshi:hpca09:dsr,
 author = {Qureshi, M.K.},
 booktitle = {Proc. of the 10th intl. symp. on High-Performance Computer Architecture},
 title = {{Adaptive Spill-Receive for Robust High-Performance Caching in CMPs}},
 year = {2009},
}

@inproceedings{qureshi:isca05:vway,
 author = {Qureshi, Moinuddin K. and Thompson, David and Patt, Yale N.},
 booktitle = {Proc. of the 32nd annual Intl. Symp. on Computer Architecture},
 title = {{The V-Way Cache: Demand Based Associativity via Global Replacement}},
 year = {2005},
}

@conference{qureshi:micro06:ucp,
 author = {Qureshi, M.K. and Patt, Y.N.},
 booktitle = {Proc. of the 39th annual IEEE/ACM intl. symp. on Microarchitecture},
 title = {{Utility-based cache partitioning: A low-overhead, high-performance, runtime mechanism to partition shared caches}},
 year = {2006},
}

@inproceedings{ragan:siggraph10:gpu_sched,
 author = {Ragan-Kelley, J.},
 booktitle = {SIGGRAPH Courses},
 title = {{Keeping Many Cores Busy: Scheduling the Graphics Pipeline}},
 year = {2010},
}

@inproceedings{rajwar:asplos02:lock-free,
 author = {Rajwar, Ravi and Goodman, James R},
 crossref = {asplos02},
 title = {{Transactional lock-free execution of lock-based programs}},
}

@inproceedings{rajwar:isca05:vtm,
 author = {Rajwar, Ravi and Herlihy, Maurice and Lai, Konrad},
 crossref = {isca05},
 title = {{Virtualizing transactional memory}},
}

@inproceedings{rajwar:micro01:sle,
 author = {Rajwar, Ravi and Goodman, James R.},
 booktitle = {Proc. of the 34th annual ACM/IEEE intl. symp. on Microarchitecture},
 title = {Speculative lock elision: Enabling highly concurrent multithreaded execution},
 year = {2001},
}

@inproceedings{ramadan:micro08:datm,
 author = {Ramadan, Hany E. and Rossbach, Christopher J. and Witchel, Emmett},
 crossref = {micro08},
 title = {Dependence-aware transactional memory for increased concurrency},
}

@article{ramadan:toppicks08:txlinux,
 author = {Ramadan, Hany E. and Rossbach, Christopher J. and Porter, Donald E. and Hofmann, Owen S. and Bhandari, Aditya and Witchel, Emmett},
 journal = {IEEE Micro},
 number = {1},
 title = {{MetaTM/TxLinux: Transactional Memory for an Operating System}},
 volume = {28},
 year = {2008},
}

@inproceedings{raman:asplos10:smtx,
 author = {Raman, Arun and Kim, Hanjun and Mason, Thomas R. and Jablin, Thomas B. and August, David I.},
 crossref = {asplos10},
 title = {Speculative Parallelization Using Software Multi-threaded Transactions},
}

@inproceedings{rangan:pact04:dswp,
 author = {Rangan, Ram and Vachharajani, Neil and Vachharajani, Manish and August, David I.},
 crossref = {pact04},
 title = {Decoupled Software Pipelining with the Synchronization Array},
}

@article{rangan:taco08:dswp,
 author = {Rangan, Ram and Vachharajani, Neil and Ottoni, Guilherme and August, David I.},
 journal = {ACM TACO},
 number = {2},
 title = {Performance Scalability of Decoupled Software Pipelining},
 volume = {5},
 year = {2008},
}

@conference{ranganathan:isca00:reconfigurable,
 author = {Ranganathan, P. and Adve, S. and Jouppi, N.P.},
 booktitle = {Proc. of the 27th annual Intl. Symp. on Computer Architecture},
 title = {{Reconfigurable caches and their application to media processing}},
 year = {2000},
}

@inproceedings{rapolu:hotcloud11:transmr,
 author = {Rapolu, Naresh and Kambatla, Karthik and Jagannathan, Suresh and Grama, Ananth},
 booktitle = {HotCloud},
 title = {{TransMR: Data-centric programming beyond data parallelism}},
 year = {2011},
}

@inproceedings{rauchwerger:pldi95:lrpd,
 author = {Rauchwerger, Lawrence and Padua, David},
 crossref = {pldi95},
 title = {The {LRPD} Test: Speculative Run-time Parallelization of Loops with Privatization and Reduction Parallelization},
}

@article{rauchwerger:tpds99:lrpd-journal,
 author = {Rauchwerger, Lawrence and Padua, David A},
 journal = {IEEE Trans. Parallel Distrib. Syst.},
 number = {2},
 title = {{The {LRPD} test: Speculative run-time parallelization of loops with privatization and reduction parallelization}},
 volume = {10},
 year = {1999},
}

@inproceedings{reddi:isca10:search-atom,
 author = {Janapa Reddi, V. and Lee, B.C. and Chilimbi, T. and Vaid, K.},
 booktitle = {Proc. of the 37th annual Intl. Symp. on Computer Architecture},
 title = {Web search using mobile cores: quantifying and mitigating the price of efficiency},
 year = {2010},
}

@article{reddi:tocs11:mobile-websearch,
 author = {Reddi, V.J. and Lee, B.C. and Chilimbi, T. and Vaid, K.},
 journal = {ACM Trans. on Comp. Sys.},
 number = {3},
 title = {Mobile processors for energy-efficient web search},
 volume = {29},
 year = {2011},
}

@article{reed:tocs83:pseudotime,
 author = {Reed, David P.},
 journal = {ACM Transactions on Computer Systems (TOCS)},
 number = {1},
 title = {{Implementing atomic actions on decentralized data}},
 volume = {1},
 year = {1983},
}

@inproceedings{reinhardt:sigmetrics93:wwt,
 author = {Reinhardt, Steven and Hill, Mark D. and Larus, James and Lebeck, Alvin and Lewis, James and Wood, David},
 booktitle = {SIGMETRICS},
 title = {The {Wisconsin Wind Tunnel}: virtual prototyping of parallel computers},
 year = {1993},
}

@article{ren:tcad12:hornet,
 author = {Ren, P. and Lis, M. and Cho, M.H. and Shim, K.S. and Fletcher, C.W. and Khan, O. and Zheng, N. and Devadas, S.},
 journal = {IEEE TCAD},
 number = {6},
 title = {{HORNET: A Cycle-Level Multicore Simulator}},
 volume = {31},
 year = {2012},
}

@inproceedings{renau:ics05:efficient-tls,
 author = {Renau, Jose and Strauss, Karin and Ceze, Luis and Liu, Wei and Sarangi, Smruti and Tuck, James and Torrellas, Josep},
 crossref = {ics05},
 title = {Thread-level speculation on a {CMP} can be energy efficient},
}

@inproceedings{renau:ics05:ooo-spawn,
 author = {Renau, Jose and Tuck, James and Liu, Wei and Ceze, Luis and Strauss, Karin and Torrellas, Josep},
 crossref = {ics05},
 title = {{Tasking with out-of-order spawn in TLS chip multiprocessors: Microarchitecture and compilation}},
}

@article{renau:toppicks06:efficient-tls,
 author = {Renau, Jose and Strauss, Karin and Ceze, Luis and Liu, Wei and Sarangi, Smruti R. and Tuck, James and Torrellas, Josep},
 journal = {IEEE Micro},
 number = {1},
 title = {{Energy-efficient thread-level speculation}},
 volume = {26},
 year = {2006},
}

@inproceedings{rinard:pldi96:comm-analysis,
 author = {Rinard, Martin C and Diniz, Pedro C},
 crossref = {pldi96},
 title = {{Commutativity analysis: A new analysis framework for parallelizing compilers}},
}

@article{rinard:toplas97:comm-analysis,
 author = {Rinard, Martin C. and Diniz, Pedro C.},
 journal = {ACM TOPLAS},
 number = {6},
 title = {Commutativity Analysis: A New Analysis Technique for Parallelizing Compilers},
 volume = {19},
 year = {1997},
}

@inproceedings{rolan:micro09:sbc,
 author = {Rol\'{a}n, Dyer and Fraguela, Basilio B. and Doallo, Ram\'{o}n},
 booktitle = {Proc. of the 42nd annual IEEE/ACM intl. symp. on Microarchitecture},
 title = {Adaptive line placement with the set balancing cache},
 year = {2009},
}

@article{rossbach:cacm08:txlinux,
 author = {Rossbach, Christopher J. and Ramadan, Hany E. and Hofmann, Owen S. and Porter, Donald E. and Bhandari, Aditya and Witchel, Emmett},
 journal = {Commun. ACM},
 number = {9},
 title = {{TxLinux and MetaTM: Transactional Memory and the Operating System}},
 volume = {51},
 year = {2008},
}

@inproceedings{rossbach:ppopp10:tm-study,
 author = {Rossbach, Christopher J. and Hofmann, Owen S. and Witchel, Emmett},
 crossref = {ppopp10},
 title = {{Is transactional programming actually easier?}},
}

@inproceedings{rossbach:sosp07:txlinux,
 author = {Rossbach, Christopher J. and Hofmann, Owen S. and Porter, Donald E. and Ramadan, Hany E. and Aditya, Bhandari and Witchel, Emmett},
 crossref = {sosp07},
 title = {{TxLinux: Using and managing hardware transactional memory in an operating system}},
}

@inproceedings{saad:hpdc11:hyflow,
 author = {Saad, Mohamed M. and Ravindran, Binoy},
 booktitle = {Proceedings of the 20th international symposium on High performance distributed computing},
 title = {{Hyflow: A high performance distributed software transactional memory framework}},
 year = {2011},
}

@inproceedings{sainz:transact13:relstm,
 author = {Sainz, David and Attiya, Hagit},
 booktitle = {International Workshop on Transactional Computing (TRANSACT)},
 title = {{Relstm: A proactive transactional memory scheduler}},
 year = {2013},
}

@misc{samsung:datasheet17:960pro,
 author = {Samsung},
 title = {{Samsung SSD 960 PRO M.2 Data Sheet}},
 year = {2017},
}

@inproceedings{sanchez:asplos10:adm,
 author = {Daniel Sanchez and Richard Yoo and Christos Kozyrakis},
 crossref = {asplos10},
 title = {Flexible Architectural Support for Fine-Grain Scheduling},
}

@inproceedings{sanchez:hpca12:scd,
 author = {Daniel Sanchez and Christos Kozyrakis},
 booktitle = {Proc. of the 18th intl. symp. on High Performance Computer Architecture},
 title = {{SCD: A Scalable Coherence Directory with Flexible Sharer Set Encoding}},
 year = {2012},
}

@inproceedings{sanchez:isca11:vantage,
 author = {Daniel Sanchez and Christos Kozyrakis},
 booktitle = {Proc. of the 38th annual Intl. Symp. in Computer Architecture},
 title = {{Vantage: Scalable and Efficient Fine-Grain Cache Partitioning}},
 year = {2011},
}

@inproceedings{sanchez:isca13:zsim,
 author = {Daniel Sanchez and Christos Kozyrakis},
 crossref = {isca13},
 title = {{ZSim: Fast and accurate microarchitectural simulation of thousand-core systems}},
}

@inproceedings{sanchez:micro07:tmsigs,
 author = {Sanchez, Daniel and Yen, Luke and Hill, Mark D. and Sankaralingam, Karthikeyan},
 crossref = {micro07},
 title = {Implementing signatures for transactional memory},
}

@inproceedings{sanchez:micro10:zcache,
 author = {Sanchez, Daniel and Kozyrakis, Christos},
 booktitle = {Proc. of the 43rd intl. symp. on Microarchitecture},
 title = {{The ZCache: Decoupling Ways and Associativity}},
 year = {2010},
}

@inproceedings{sanchez:pact11:gramps,
 author = {Daniel Sanchez and David Lo and Richard M. Yoo and Jeremy Sugerman and Christos Kozyrakis},
 booktitle = {Proc. of the 20th intl conf. on Parallel Architectures and Compilation Techniques},
 title = {{Dynamic Fine-Grain Scheduling of Pipeline Parallelism}},
 year = {2011},
}

@phdthesis{sanchez:stanford:2012:thesis,
 author = {Daniel Sanchez},
 month = {August},
 number = {1875},
 school = {Stanford University},
 title = {{Hardware and Software Techniques for Scalable Thousand-Core Systems}},
 year = {2012},
}

@article{sanchez:taco10:noc-arch,
 author = {Daniel Sanchez and George Michelogiannakis and Christos Kozyrakis},
 journal = {ACM Transactions on Architecture and Code Optimization},
 month = {Apr},
 number = {1},
 title = {{An Analysis of Interconnection Networks for Large Scale Chip-Multiprocessors}},
 volume = {7},
 year = {2010},
}

@article{sanchez:toppicks12:vantage,
 author = {Daniel Sanchez and Christos Kozyrakis},
 journal = {IEEE Micro's Top Picks from the Computer Architecture Conferences},
 month = {May-June},
 number = {3},
 title = {{Scalable and Efficient Fine-Grained Cache Partitioning with Vantage}},
 volume = {32},
 year = {2012},
}

@article{sanders:jea00:sequence-heap,
 author = {Sanders, Peter},
 journal = {Journal of Experimental Algorithmics (JEA)},
 title = {{Fast priority queues for cached memory}},
 volume = {5},
 year = {2000},
}

@incollection{sartori:hipeac10:mc-barrier,
 author = {Sartori, John and Kumar, Rakesh},
 booktitle = {High Performance Embedded Architectures and Compilers},
 title = {Low-overhead, high-speed multi-core barrier synchronization},
 year = {2010},
}

@inproceedings{sato:ipdps00:spec-accesses,
 author = {T. Sato and K. Ohno and H. Nakashima},
 crossref = {ipdps00},
 title = {A mechanism for speculative memory accesses following synchronizing operations},
}

@inproceedings{schardl:ppopp17:tapir,
 author = {Schardl, Tao B. and Moses, William S. and Leiserson, Charles E.},
 crossref = {ppopp17},
 title = {Tapir: Embedding Fork-Join Parallelism into {LLVM}'s Intermediate Representation},
}

@inproceedings{schneider:ismm06:streamflow,
 author = {Schneider, Scott and Antonopoulos, Christos and Nikolopoulos, Dimitrios},
 booktitle = {ISMM-5},
 title = {{Scalable locality-conscious multithreaded memory allocation}},
 year = {2006},
}

@inproceedings{scott:asplos96:t3e,
 author = {Scott, Steven L.},
 crossref = {asplos96},
 title = {Synchronization and Communication in the {T3E} Multiprocessor},
 year = {1996},
}

@article{seiler:siggraph08:larrabee,
 author = {Seiler, Larry and Carmean, Doug and Sprangle, Eric and Forsyth, Tom and Abrash, Michael and Dubey, Pradeep and Junkins, Stephen and Lake, Adam and Sugerman, Jeremy and Cavin, Robert and Espasa, Roger and Grochowski, Ed and Juan, Toni and Hanrahan, Pat},
 journal = {ACM Trans. Graph.},
 number = {3},
 title = {Larrabee: a many-core x86 architecture for visual computing},
 volume = {27},
 year = {2008},
}

@inproceedings{seznec:isca93:skewassoc,
 author = {Seznec, Andr\'{e}},
 booktitle = {Proc. of the 20th annual Intl. Symp. on Computer Architecture},
 title = {A case for two-way skewed-associative caches},
 year = {1993},
}

@inproceedings{seznec:isca95:skewassoc_predictability,
 author = {Bodin, Fran\c{c}ois and Seznec, Andr\'{e}},
 booktitle = {Proc. of the 22nd annual Intl. Symp. on Computer Architecture},
 title = {Skewed associativity enhances performance predictability},
 year = {1995},
}

@techreport{sgi:uv,
 author = {{SGI}},
 title = {{Technical Advances in the SGI UV Architecture}},
 year = {2012},
}

@incollection{shalf:vecpar10:exascale-challenges,
 author = {Shalf, John and Dosanjh, Sudip and Morrison, John},
 booktitle = {High Performance Computing for Computational Science--VECPAR 2010},
 pages = {1--25},
 publisher = {Springer},
 title = {{Exascale computing technology challenges}},
 year = {2011},
}

@article{shavit:podc95:stm,
 author = {Shavit, Nir and Touitou, Dan},
 booktitle = {Proc. PODC},
 title = {Software transactional memory},
 year = {1995},
}

@inproceedings{shin:isscc10:niagara3,
 author = {Shin, J.L. and Tam, K. and Huang, D. and Petrick, B. and Pham, H. and Changku Hwang and Hongping Li and Smith, A. and Johnson, T. and Schumacher, F. and Greenhill, D. and Leon, A.S. and Strong, A.},
 booktitle = {Intl. Solid-State Circuits Conf.},
 title = {A 40nm 16-core 128-thread {CMT SPARC SoC} processor},
 year = {2010},
}

@inproceedings{shun:ppopp13:ligra,
 author = {Shun, Julian and Blelloch, Guy E},
 crossref = {ppopp13},
 title = {{Ligra}: a lightweight graph processing framework for shared memory},
}

@inproceedings{shun:spaa12:pbbs,
 author = {Shun, Julian and Blelloch, Guy E. and Fineman, Jeremy T. and Gibbons, Phillip B. and Kyrola, Aapo and Simhadri, Harsha Vardhan and Tangwongsan, Kanat},
 crossref = {spaa12},
 title = {Brief announcement: The Problem Based Benchmark Suite},
}

@inproceedings{sim:isca12:flexclusion,
 author = {Sim, J. and Lee, J. and Qureshi, M.K. and Kim, H.},
 booktitle = {Proc. of the 39th Intl. Symp. on Computer Architecture},
 title = {{FLEXclusion: balancing cache capacity and on-chip bandwidth via flexible exclusion}},
 year = {2012},
}

@inproceedings{simhadri:spaa14:space-bounded,
 author = {Simhadri, Harsha Vardhan and Blelloch, Guy E. and Fineman, Jeremy T. and Gibbons, Phillip B. and Kyrola, Aapo},
 crossref = {spaa14},
 title = {{Experimental analysis of space-bounded schedulers}},
}

@inproceedings{sjalander:euromicro08:tmu,
 author = {Sj\"{a}lander, Magnus and Terechko, Andrei and Duranton, Marc},
 booktitle = {Proc. of the 11th EUROMICRO Conf. on Digital System Design Architectures, Methods and Tools},
 title = {A Look-Ahead Task Management Unit for Embedded Multi-Core Architectures},
 year = {2008},
}

@inproceedings{skare:wtw06:early-release,
 author = {Skare, Travis and Kozyrakis, Christos},
 booktitle = {Proc. WTW},
 title = {Early release: Friend or foe?},
 year = {2006},
}

@inproceedings{smaragdakis:oopsla07:tic,
 author = {Smaragdakis, Yannis and Kay, Anthony and Behrends, Reimer and Young, Michal},
 crossref = {oopsla07},
 title = {Transactions with Isolation and Cooperation},
}

@misc{snapnets,
 author = {Jure Leskovec and Andrej Krevl},
 howpublished = {\url{http://snap.stanford.edu/data}},
 title = {{SNAP datasets}: {Stanford} large network dataset collection},
 year = {2014},
}

@book{snir:book98:mpi,
 author = {Snir, Marc and Otto, Steve and Huss-Lederman, Steven and Walker, David and Dongarra, Jack},
 isbn = {0262692155},
 publisher = {MIT Press},
 title = {{MPI-The Complete Reference}},
 year = {1998},
}

@inproceedings{sohi:isca95:multiscalar,
 author = {Sohi, Gurindar S. and Breach, Scott E. and T. N. Vijaykumar},
 crossref = {isca95},
 title = {Multiscalar processors},
}

@article{soule:tomacs91:cmb-eval,
 author = {Soule, Larry and Gupta, Anoop},
 journal = {ACM TOMACS},
 number = {4},
 title = {An evaluation of the {Chandy-Misra-Bryant} algorithm for digital logic simulation},
 volume = {1},
 year = {1991},
}

@inproceedings{spear:icpp08:inevitabilitystm,
 author = {Spear, Michael F. and Silverman, Michael and Dalessandro, Luke and Michael, Maged M. and Scott, Michael L.},
 crossref = {icpp08},
 title = {Implementing and Exploiting Inevitability in Software Transactional Memory},
}

@inproceedings{spear:ppopp07:aou,
 author = {Spear, Michael F. and Shriraman, Arrvindh and Hossain, Hemayet and Dwarkadas, Sandhya and Scott, Michael L.},
 booktitle = {Proc. of the 12th ACM SIGPLAN symp. on Principles and Practice of Parallel Programming},
 title = {Alert-on-update: a communication aid for shared memory multiprocessors},
 year = {2007},
}

@inproceedings{spertus:isca93:fine-grained,
 author = {Spertus, Ellen and Goldstein, Seth Copen and Schauser, Klaus Erik and Von Eicken, Thorsten and Culler, David E. and Dally, William J.},
 crossref = {isca93},
 title = {{Evaluation of mechanisms for fine-grained parallel programs in the J-machine and the CM-5}},
}

@inproceedings{srikantaiah:micro09:sharp,
 author = {Srikantaiah, S. and Kandemir, M. and Wang, Q.},
 booktitle = {Proc. of the 42nd intl. symp. on Microarchitecture},
 title = {{SHARP control: Controlled shared cache management in chip multiprocessors}},
 year = {2009},
}

@article{steele:mit75:scheme,
 author = {Sussman, Gerald Jay and Steele Jr, Guy L.},
 journal = {Higher-Order and Symbolic Computation},
 number = {4},
 title = {{Scheme: A interpreter for extended lambda calculus}},
 volume = {11},
 year = {1998},
}

@techreport{steele:mit78:rabbit,
 author = {Steele Jr, Guy Lewis},
 institution = {Massachusetts Institute of Technology},
 number = {AITR-474},
 title = {{RABBIT: A compiler for SCHEME}},
 year = {1978},
}

@inproceedings{steffan:hpca98:cmp-tls,
 author = {Steffan, J. Gregory and Mowry, Todd C.},
 crossref = {hpca98},
 title = {{The potential for using thread-level data speculation to facilitate automatic parallelization}},
}

@inproceedings{steffan:isca00:scalable-tls,
 author = {Steffan, J. Gregory and Colohan, Christopher B. and Zhai, Antonia and Mowry, Todd C.},
 crossref = {isca00},
 title = {{A scalable approach to thread-level speculation}},
}

@article{steinman:sim93:breathingtimewarp,
 author = {Steinman, Jeff S.},
 journal = {ACM SIGSIM Simulation Digest},
 number = {1},
 title = {Breathing time warp},
 volume = {23},
 year = {1993},
}

@article{stoica:sigcomm01:chord,
 author = {Stoica, I. and Morris, R. and Karger, D. and Kaashoek, M.F. and Balakrishnan, H.},
 journal = {Proc. of ACM SIGCOMM Computer Communication Review},
 number = {4},
 title = {Chord: A scalable peer-to-peer lookup service for internet applications},
 volume = {31},
 year = {2001},
}

@techreport{strachey:oxford74:continuations,
 author = {Christopher Strachey and Christopher P. Wadsworth},
 institution = {Oxford University Computing Laboratory},
 number = {PRG-11},
 title = {Continuations: A mathematical semantics for handling full jumps},
 year = {1974},
}

@inproceedings{subramanian:isca17:fractal,
 author = {Suvinay Subramanian and Mark C. Jeffrey and Maleen Abeydeera and Hyun Ryong Lee and Victor A. Ying and Joel Emer and Daniel Sanchez},
 crossref = {isca17},
 title = {{Fractal: An execution model for fine-grain nested speculative parallelism}},
}

@phdthesis{sugerman:thesis,
 author = {Sugerman, Jeremy},
 school = {Stanford University},
 title = {Programming Many-Core Systems With {GRAMPS}},
 year = {2010},
}

@article{sugerman:tog09:gramps,
 author = {Sugerman,, Jeremy and Fatahalian,, Kayvon and Boulos,, Solomon and Akeley,, Kurt and Hanrahan,, Pat},
 journal = {ACM Trans. Graph.},
 number = {1},
 title = {{GRAMPS}: A programming model for graphics pipelines},
 volume = {28},
 year = {2009},
}

@conference{suh:hpca02:schedpart,
 author = {Suh, G.E. and Devadas, S. and Rudolph, L.},
 booktitle = {Proc. of the 8th IEEE intl. symp. on High Performance Computer Architecture},
 title = {{A new memory monitoring scheme for memory-aware scheduling and partitioning}},
 year = {2002},
}

@conference{suleman:pact10:fdp,
 author = {Suleman, M. Aater and Qureshi, Moinuddin K. and Khubaib and Patt, Yale N.},
 booktitle = {Proc. of the 19th intl. conf. on Parallel Architectures and Compilation Techniques},
 title = {{Feedback-directed pipeline parallelism}},
 year = {2010},
}

@techreport{sun:ultrasparct2-ua2007,
 author = {{Sun Microsystems}},
 title = {{UltraSPARC T2} supplement to the {UltraSPARC} architecture 2007},
 year = {2007},
}

@article{swanson:tocs07:wavescalar,
 author = {Swanson, Steven and Schwerin, Andrew and Mercaldi, Martha and Petersen, Andrew and Putnam, Andrew and Michelson, Ken and Oskin, Mark and Eggers, Susan J.},
 journal = {ACM Transactions on Computer Systems (TOCS)},
 number = {2},
 title = {{The wavescalar architecture}},
 volume = {25},
 year = {2007},
}

@inproceedings{tam:wiosca07:managing-shared-l2,
 author = {Tam, D. and Azimi, R. and Soares, L. and Stumm, M.},
 booktitle = {Proc. of the Workshop on the Interaction between Operating Systems and Computer Architecture},
 title = {Managing shared L2 caches on multicore systems in software},
 year = {2007},
}

@book{tanenbaum:book10:computer-networks,
 author = {Tanenbaum, Andrew S. and Wetherall, David J.},
 edition = {5th},
 editor = {Prentice Hall},
 title = {Computer networks},
 year = {2010},
}

@inproceedings{taur:iedm97:scaling_beyond_01um,
 author = {Yuan Taur and Nowak, E.J.},
 booktitle = {Proc. of the Intl. Electron Devices Meeting},
 title = {{CMOS devices below 0.1um: How high will performance go?}},
 year = {1997},
}

@inproceedings{taylor:dac12:dark-silicon,
 author = {Taylor, Michael B.},
 booktitle = {Proc. of the 49th annual Design Automation Conf.},
 title = {Is dark silicon useful?: harnessing the four horsemen of the coming dark silicon apocalypse},
 year = {2012},
}

@inproceedings{thies:cc01:streamit,
 author = {William Thies and Michal Karczmarek and Saman Amarasinghe},
 booktitle = {Proc. of the 10th Intl. Conf. on Compiler Construction},
 title = {{Stream{I}t: A Language for Streaming Applications}},
 year = {2001},
}

@inproceedings{thornton:onvector11:greening-dcs,
 author = {Dallas Thornton},
 booktitle = {OnVector '11},
 title = {{Greening Data Centers}},
 year = {2011},
}

@techreport{tilera:tilegx,
 author = {{Tilera}},
 title = {{TILE-Gx 3000 Series Overview}},
 year = {2011},
}

@article{tjaden:tc70:ilp-detection,
 author = {Garold, S.},
 journal = {IEEE Trans. Comput.},
 number = {10},
 title = {{Detection and parallel execution of independent instructions}},
 volume = {19},
 year = {1970},
}

@article{torrellas:cacm10:bulk-arch,
 author = {Torrellas, Josep and Ceze, Luis and Tuck, James and Ca{\c{s}}caval, C{\u{a}}lin and Montesinos, Pablo and Ahn, Wonsun and Prvulovic, Milos},
 journal = {Commun. ACM},
 number = {12},
 title = {The Bulk Multicore architecture for improved programmability},
 volume = {52},
 year = {2009},
}

@inproceedings{tremblay:isscc08:rock,
 author = {Tremblay, M. and Chaudhry, S.},
 booktitle = {Intl. Solid-State Circuits Conf.},
 title = {A Third-Generation 65nm 16-Core 32-Thread Plus 32-Scout-Thread {CMT SPARC} Processorr},
 year = {2008},
}

@article{tropper:jpdc02:pdes-apps,
 author = {Tropper, Carl},
 journal = {Journal of Parallel and Distributed Computing},
 number = {3},
 pages = {327--335},
 publisher = {Elsevier},
 title = {Parallel discrete-event simulation applications},
 volume = {62},
 year = {2002},
}

@article{tsai:jpp99:tls-compiler,
 author = {Tsai, Jenn-Yuan and Jiang, Zhenzhen and Yew, Pen-Chung},
 journal = {Intl. Journal of Parallel Programming},
 number = {1},
 title = {Compiler Techniques for the Superthreaded Architectures},
 volume = {27},
 year = {1999},
}

@inproceedings{tu:sosp13:silo,
 author = {Stephen Tu and Wenting Zheng and Eddie Kohler and Barbara Liskov and Samuel Madden},
 crossref = {sosp13},
 title = {Speedy transactions in multicore in-memory databases},
}

@inproceedings{tuck:asplos08:softsig,
 author = {Tuck, James and Ahn, Wonsun and Ceze, Luis and Torrellas, Josep},
 crossref = {asplos08},
 title = {{SoftSig: software-exposed hardware signatures for code analysis and optimization}},
 year = {2008},
}

@conference{tzeng:hpg10:task-gpu,
 author = {Tzeng, S. and Patney, A. and Owens, J.D.},
 booktitle = {Proc. of the conf. on High Performance Graphics},
 title = {{Task management for irregular-parallel workloads on the GPU}},
 year = {2010},
}

@inproceedings{vachharajani:pact07:spec-dswp,
 author = {Vachharajani, Neil and Rangan, Ram and Raman, Easwaran and Bridges, Matthew J. and Ottoni, Guilherme and August, David I.},
 crossref = {pact07},
 title = {Speculative decoupled software pipelining},
}

@phdthesis{vachharajani:thesis08:mtx,
 author = {Vachharajani, Neil},
 school = {Princeton University},
 title = {Intelligent speculation for pipelined multithreading},
 year = {2008},
}

@inproceedings{vancraeynest:isca12:pie-scheduling,
 author = {Van Craeynest, K. and Jaleel, A. and Eeckhout, L. and Narvaez, P. and Emer, J.},
 booktitle = {Proc. of the 37th annual Intl. Symp. on Computer Architecture},
 title = {Scheduling heterogeneous multi-cores through performance impact estimation (PIE)},
 year = {2012},
}

@conference{varadarajan:micro06:molecular,
 author = {Varadarajan, K. and Nandy, SK and Sharda, V. and Bharadwaj, A. and Iyer, R. and Makineni, S. and Newell, D.},
 booktitle = {Proc. of the 39th intl. symp. on Microarchitecture},
 title = {{Molecular Caches: A caching structure for dynamic creation of application-specific Heterogeneous cache regions}},
 year = {2006},
}

@article{vargas:esm01:omnetpp,
 author = {Varga, Andr{\'a}s and {\c{S}}ekercio{\u{g}}lu, Ahmet},
 booktitle = {ESS},
 title = {{Parallel simulation made easy with OMNeT++}},
 year = {2003},
}

@inproceedings{vijayaraghavan:memocode09:li-bdn,
 author = {Vijayaraghavan, Muralidaran and Arvind},
 booktitle = {Proc. MEMOCODE},
 title = {Bounded dataflow networks and latency-insensitive circuits},
 year = {2009},
}

@inproceedings{vijaykumar:micro98:task-selection,
 author = {Vijaykumar, TN and Sohi, Gurindar S},
 crossref = {micro98},
 title = {Task selection for a multiscalar processor},
}

@inproceedings{volos:asplos12:tmbugs,
 author = {Volos, Haris and Tack, Andres Jaan and Swift, Michael M. and Lu, Shan},
 crossref = {asplos12},
 title = {Applying transactional memory to concurrency bugs},
}

@inproceedings{volos:ecoop09:nepaltm,
 author = {Volos, Haris and Welc, Adam and Adl-Tabatabai, Ali-Reza and Shpeisman, Tatiana and Tian, Xinmin and Narayanaswamy, Ravi},
 booktitle = {ECOOP},
 title = {{NePalTM: Design and implementation of nested parallelism for transactional memory systems}},
 year = {2009},
}

@inproceedings{volos:transact08:lock-tm-pathologies,
 author = {Volos, Haris and Goyal, Neelam and Swift, Michael M.},
 crossref = {transact08},
 title = {Pathological Interaction of Locks with Transactional Memory},
}

@inproceedings{voneicken:isca92:active-messages,
 author = {Von Eicken, Thorsten and Culler, David and Goldstein, Seth and Schauser, Klaus},
 crossref = {isca92},
 title = {Active messages: a mechanism for integrated communication and computation},
}

@inproceedings{vonpraun:ppopp07:ipot,
 author = {von Praun, Christoph and Ceze, Luis and Ca\c{s}caval, Calin},
 crossref = {ppopp07},
 title = {Implicit parallelism with ordered transactions},
}

@article{waingold:computer97:raw,
 author = {Waingold, E. and Taylor, M. and Srikrishna, D. and Sarkar, V. and Lee, W. and Lee, V. and Kim, J. and Frank, M. and Finch, P. and Barua, R. and Babb, J. and Amarasinghe, S. and Agarwal, A.},
 journal = {IEEE Computer},
 number = {9},
 title = {{Baring it all to software: Raw machines}},
 volume = {30},
 year = {1997},
}

@inproceedings{wall:asplos91:ilp-limits,
 author = {Wall, David},
 crossref = {asplos91},
 title = {{Limits of instruction-level parallelism}},
}

@mastersthesis{wallach:mit92:phd,
 author = {Wallach, Deborah A.},
 school = {Massachusetts Institute of Technology},
 title = {{PHD: A Hierarchical Cache Coherent Protocol}},
 year = {1992},
}

@inproceedings{wang:lcpc05:tls-loops,
 author = {Wang, Shengyue and Dai, Xiaoru and Yellajyosula, Kiran S. and Zhai, Antonia and Yew, Pen-Chung},
 booktitle = {Proceedings of the 18th International Conference on Languages and Compilers for Parallel Computing},
 series = {LCPC'05},
 title = {Loop Selection for Thread-level Speculation},
 year = {2006},
}

@inproceedings{wang:pact12:bluegene-tm,
 author = {Wang, Amy and Gaudet, Matthew and Wu, Peng and Amaral, Jos{\'e} Nelson and Ohmacht, Martin and Barton, Christopher and Silvera, Raul and Michael, Maged},
 crossref = {pact12},
 title = {{Evaluation of Blue Gene/Q hardware support for transactional memories}},
}

@inproceedings{wang:spaa14:tm-condvars,
 author = {Wang, Chao and Liu, Yujie and Spear, Michael},
 crossref = {spaa14},
 title = {Transaction-friendly Condition Variables},
}

@inproceedings{welc:spaa08:singleownerrdlocks,
 author = {Welc, Adam and Saha, Bratin and Adl-Tabatabai, Ali-Reza},
 crossref = {spaa08},
 title = {Irrevocable Transactions and Their Applications},
}

@article{welsh:cj67:ldf-graph-color,
 author = {Welsh, Dominic JA and Powell, Martin B.},
 journal = {The Computer Journal},
 number = {1},
 pages = {85--86},
 publisher = {Br Computer Soc},
 title = {An upper bound for the chromatic number of a graph and its
application to timetabling problems},
 volume = {10},
 year = {1967},
}

@inproceedings{wendel:isscc10:power7,
 author = {Wendel, D. and Kalla, R. and Cargoni, R. and Clables, J. and Friedrich, J. and Frech, R. and Kahle, J. and Sinharoy, B. and Starke, W. and Taylor, S. and Weitzel, S. and Chu, S.G. and Islam, S. and Zyuban, V.},
 booktitle = {IEEE Intl. Solid-State Circuits Conf.},
 title = {The implementation of {POWER7}: {A} highly parallel and scalable multi-core high-end server processor},
 year = {2010},
}

@article{wentzlaff:ieeemicro08:tilera-noc,
 author = {Wentzlaff, David and Griffin, Patrick and Hoffmann, Henry and Bao, Liewei and Edwards, Bruce and Ramey, Carl and Mattina, Matthew and Miao, Chyi-Chang and Brown III, John F. and Agarwal, Anant},
 journal = {IEEE Micro},
 number = {5},
 title = {{On-chip interconnection architecture of the Tile Processor}},
 volume = {27},
 year = {2007},
}

@inproceedings{wentzlaff:socc10:fos,
 author = {Wentzlaff, D. and Gruenwald III, C. and Beckmann, N. and Modzelewski, K. and Belay, A. and Youseff, L. and Miller, J. and Agarwal, A.},
 booktitle = {Proc. of the 1st Symp. on Cloud Computing},
 title = {An operating system for multicore and clouds: mechanisms and implementation},
 year = {2010},
}

@phdthesis{west:calgary88:lazy-cancellation,
 author = {West, Darrin},
 school = {University of Calgary},
 title = {Optimising Time Warp: Lazy Rollback and Lazy Reevaluation.},
 year = {1988},
}

@inproceedings{whaley:icpp05:profiling-tls,
 author = {John Whaley and Christos Kozyrakis},
 booktitle = {Proc. 2005 Intl. Conf. on Parallel Processing},
 title = {Heuristics for Profile-driven Method-level Speculative Parallelization},
 year = {2005},
}

@article{whay:computer98:m-machine-messages,
 author = {Whay Sing Lee and Dally, W.J. and Keckler, Steven W. and Carter, N.P. and Chang, A.},
 journal = {IEEE Computer},
 month = {Nov},
 number = {11},
 title = {An efficient, protected message interface},
 volume = {31},
 year = {1998},
}

@inproceedings{wimmer:ppopp14:priority-scheduling,
 author = {Wimmer, Martin and Versaci, Francesco and Tr{\"a}ff, Jesper and Cederman, Daniel and Tsigas, Philippas},
 crossref = {ppopp14},
 title = {{Data structures for task-based priority scheduling}},
}

@article{wittenbrink:ieeemicro11:fermi,
 author = {Wittenbrink, Craig and Kilgariff, Emmett and Prabhu, Arjun},
 journal = {IEEE Micro},
 number = {2},
 title = {{Fermi GF100 GPU architecture}},
 volume = {31},
 year = {2011},
}

@inproceedings{wong:pact08:pangaea,
 author = {Wong,, Henry and Bracy,, Anne and Schuchman,, Ethan and Aamodt,, Tor M. and Collins,, Jamison D. and Wang,, Perry H. and Chinya,, Gautham and Groen,, Ankur Khandelwal and Jiang,, Hong and Wang,, Hong},
 booktitle = {Proc. of the 17th Intl. Conf. on Parallel Architectures and Compilation Techniques},
 title = {Pangaea: a tightly-coupled {IA}32 heterogeneous chip multiprocessor},
 year = {2008},
}

@inproceedings{woo:isca95:splash2,
 author = {Steven Cameron Woo and Moriyoshi Ohara and Evan Torrie and Jaswinder Pal Singh and Anoop Gupta},
 booktitle = {Proc. of the 22nd annual Intl. Symp. on Computer Architecture},
 title = {{The SPLASH-2 Programs: Characterization and Methodological Considerations}},
 year = {1995},
}

@conference{wu:wddd08:decay-vs-waypart,
 author = {Wu, C.J. and Martonosi, M.},
 booktitle = {7th Workshop on Duplicating, Deconstructing, and Debunking},
 title = {{A Comparison of Capacity Management Schemes for Shared CMP Caches}},
 year = {2008},
}

@inproceedings{xie:isca09:pipp,
 author = {Xie, Yuejian and Loh, Gabriel H.},
 booktitle = {Proc. of the 36th Intl. Symp. on Computer Architecture},
 title = {{PIPP}: promotion/insertion pseudo-partitioning of multi-core shared caches},
 year = {2009},
}

@inproceedings{xu:isca03:fdr,
 author = {Xu, Min and Bodik, Rastislav and Hill, Mark D.},
 crossref = {isca03},
 title = {{A flight data recorder for enabling full-system multiprocessor deterministic replay}},
}

@inproceedings{yang:icdcs88:critical-path,
 author = {Yang, C and Miller, Barton},
 booktitle = {ICDCS},
 title = {{Critical path analysis for the execution of parallel and distributed programs}},
 year = {1988},
}

@inproceedings{yang:isscc12:exynos,
 author = {Se-Hyun Yang and Seogjun Lee and Jae Young Lee and Jeonglae Cho and Hoi-Jin Lee and Dongsik Cho and Junghun Heo and Sunghoon Cho and Youngmin Shin and Sunghee Yun and Euiseok Kim and Ukrae Cho and Pyo, E. and Man Hyuk Park and Jae Cheol Son and Chinhyun Kim and Jeongnam Youn and Youngki Chung and Sungho Park and Seung Ho Hwang},
 booktitle = {Intl. Solid-State Circuits Conf.},
 title = {{A 32nm high-k metal gate application processor with GHz multi-core CPU}},
 year = {2012},
}

@article{yang:tpds92:adaptive-coherence,
 author = {Yang, Q. and Thangadurai, G. and Bhuyan, L.N.},
 journal = {IEEE Transactions on Parallel and Distributed Systems},
 number = {3},
 title = {Design of an adaptive cache coherence protocol for large scale multiprocessors},
 volume = {3},
 year = {1992},
}

@article{yazdanpanah:tpds13:hybrid-dataflow,
 author = {Yazdanpanah, Fahimeh and Alvarez-Martinez, Carlos and Jimenez-Gonzalez, Daniel and Etsion, Yoav},
 journal = {IEEE Trans. on Parallel and Distributed Systems},
 title = {{Hybrid Dataflow/Von-Neumann Architectures}},
 year = {2013},
}

@conference{yelick:jhp98:titanium,
 author = {Yelick, K. and Semenzato, L. and Pike, G. and Miyamoto, C. and Liblit, B. and Krishnamurthy, A. and Hilfinger, P. and Graham, S. and Gay, D. and Colella, P. and Aiken, A.},
 booktitle = {Proc. of the Workshop on Java for High-Performance Network Computing},
 title = {{Titanium: A high-performance Java dialect}},
 year = {1998},
}

@inproceedings{yelick:pasco07:pgas,
 author = {Yelick, Katherine and Bonachea, Dan and Chen, Wei-Yu and Colella, Phillip and Datta, Kaushik and Duell, Jason and Graham, Susan L. and Hargrove, Paul and Hilfinger, Paul and Husbands, Parry and Iancu, Costin and Kamil, Amir and Nishtala, Rajesh and Su, Jimmy and Welcome, Michael and Wen, Tong},
 booktitle = {Proceedings of the 2007 international workshop on Parallel symbolic computation},
 title = {{Productivity and performance using partitioned global address space languages}},
 year = {2007},
}

@inproceedings{yen:hpca07:logtm-se,
 author = {Yen, Luke and Bobba, Jayaram and Marty, Michael R. and Moore, Kevin E. and Volos, Haris and Hill, Mark D. and Swift, Michael M. and Wood, David A.},
 crossref = {hpca07},
 title = {{LogTM-SE}: Decoupling hardware transactional memory from caches},
}

@inproceedings{yoo:iiswc09:rebirth,
 author = {Richard M. Yoo and Anthony Romano and Christos Kozyrakis},
 booktitle = {Proc. of the IEEE Intl. Symp. on Workload Characterization},
 title = {Phoenix Rebirth: Scalable {M}ap{R}educe on a Large-Scale Shared-Memory System},
 year = {2009},
}

@inproceedings{yoo:sc13:haswell-rtm,
 author = {Yoo, Richard M. and Hughes, Christopher J. and Lai, Konrad and Rajwar, Ravi},
 crossref = {sc13},
 title = {{Performance evaluation of Intel{\textregistered} transactional synchronization extensions for high-performance computing}},
}

@inproceedings{yoo:spaa08:ats,
 author = {Yoo, Richard M. and Lee, Hsien-Hsin S.},
 crossref = {spaa08},
 title = {{Adaptive transaction scheduling for transactional memory systems}},
}

@inproceedings{yoo:spaa13:locality-aware,
 author = {Yoo, Richard M. and Hughes, Christopher J. and Kim, Changkyu and Chen, Yen-Kuang and Kozyrakis, Christos},
 crossref = {spaa13},
 title = {{Locality-aware task management for unstructured parallelism: A quantitative limit study}},
}

@inproceedings{yoo:spaa13:optimal-stealing,
 author = {Yoo, Richard M. and Hughes, Christopher J. and Kim, Changkyu and Chen, Yen-Kuang and Kozyrakis, Christos},
 crossref = {spaa13},
 title = {{Locality-aware task management for unstructured parallelism: A quantitative limit study}},
}

@article{yuba:cpc85:sigma1,
 author = {Yuba, Toshitsugu and Shimada, Toshio and Hiraki, Kei and Kashiwagi, Hiroshi},
 journal = {Computer Physics Communications},
 number = {1},
 title = {{SIGMA-1: A dataflow computer for scientific computations}},
 volume = {37},
 year = {1985},
}

@inproceedings{yuffe:isscc11:sandy_bridge,
 author = {Yuffe, M. and Knoll, E. and Mehalel, M. and Shor, J. and Kurts, T.},
 booktitle = {Intl. Solid-State Circuits Conf.},
 title = {{A Fully Integrated Multi-CPU, GPU and Memory Controller 32nm Processor}},
 year = {2011},
}

@inproceedings{zebchuk:micro07:regiontracker,
 author = {Zebchuk, J. and Safi, E. and Moshovos, A.},
 booktitle = {Proc. of the 40th annual IEEE/ACM intl. symp. on Microarchitecture},
 title = {A Framework for Coarse-Grain Optimizations in the On-Chip Memory Hierarchy},
 year = {2007},
}

@inproceedings{zebchuk:micro09:tagless,
 author = {Zebchuk, J. and Srinivasan, V. and Qureshi, M.K. and Moshovos, A.},
 booktitle = {Proc. of the 42nd annual IEEE/ACM intl. symp. on Microarchitecture},
 title = {A tagless coherence directory},
 year = {2009},
}

@inproceedings{zhai:asplos02:scalar-communication,
 author = {Zhai, Antonia and Colohan, Christopher B. and Steffan, J. Gregory and Mowry, Todd C.},
 crossref = {asplos02},
 title = {Compiler Optimization of Scalar Value Communication Between Speculative Threads},
}

@inproceedings{zhai:cgo04:memory-communication,
 author = {Zhai, Antonia and Colohan, Christopher B and Steffan, J Gregory and Mowry, Todd C},
 crossref = {cgo04},
 title = {{Compiler optimization of memory-resident value communication between speculative threads}},
}

@article{zhang:arxiv16:cacheperf-graphs,
 author = {Yunming Zhang and
Vladimir Kiriansky and
Charith Mendis and
Matei Zaharia and
Saman P. Amarasinghe},
 journal = {CoRR},
 title = {Optimizing Cache Performance for Graph Analytics},
 volume = {abs/1608.01362},
 year = {2016},
}

@inproceedings{zhang:bigdata17:cagra,
 author = {Yunming Zhang and Vladimir Kiriansky and Charith Mendis and Saman P. Amarasinghe and Matei Zaharia},
 booktitle = {Proc. IEEE BigData},
 title = {Making caches work for graph analytics},
 year = {2017},
}

@inproceedings{zhang:hpca98:dsm-tls,
 author = {Zhang, Ye and Rauchwerger, Lawrence and Torrellas, Josep},
 crossref = {hpca98},
 title = {{Hardware for speculative run-time parallelization in distributed shared-memory multiprocessors}},
}

@inproceedings{zhang:hpca99:hw-spec-parallelization,
 author = {Zhang, Ye and Rauchwerger, Lawrence and Torrellas, Josep},
 crossref = {hpca99},
 title = {{Hardware for speculative parallelization of partially-parallel loops in DSM multiprocessors}},
}

@article{zhang:ieeemicro97:fast_high_assoc,
 author = {Zhang, Chenxi and Zhang, Xiaodong and Yan, Yong},
 journal = {IEEE Micro},
 number = {5},
 title = {Two Fast and High-Associativity Cache Schemes},
 volume = {17},
 year = {1997},
}

@inproceedings{zhang:isca05:victim-repl,
 author = {Zhang, M. and Asanovic, K.},
 booktitle = {Proc. of the 32nd Intl. Symp. on Computer Architecture},
 title = {Victim replication: Maximizing capacity while hiding wire delay in tiled chip multiprocessors},
 year = {2005},
}

@inproceedings{zhang:usenix09:exec-throttling,
 author = {Zhang, X. and Dwarkadas, S. and Shen, K.},
 booktitle = {Proc. of USENIX ATC},
 title = {Hardware Execution Throttling for Multi-core Resource Management},
 year = {2009},
}

@inproceedings{zhao:pact10:space,
 author = {Zhao, H. and Shriraman, A. and Dwarkadas, S.},
 booktitle = {Proc. of the 19th intl. conf. on Parallel Architectures and Compilation Techniques},
 title = {{SPACE: Sharing pattern-based directory coherence for multicore scalability}},
 year = {2010},
}

@inproceedings{zhong:hpca08:loop-fission-on-tls,
 author = {Hongtao Zhong and Mojtaba Mehrara and Steve Lieberman and Scott Mahlke},
 crossref = {hpca08},
 title = {Uncovering hidden loop level parallelism in sequential applications},
}

@inproceedings{zhu:isca07:ssb,
 author = {Zhu, Weirong and Sreedhar, Vugranam C and Hu, Ziang and Gao, Guang R},
 crossref = {isca07},
 title = {{Synchronization state buffer: supporting efficient fine-grain synchronization on many-core architectures}},
}

@inproceedings{zilles:transact06:non-transactional-actions,
 author = {Zilles, Craig and Baugh, Lee},
 crossref = {transact06},
 title = {{Extending hardware transactional memory to support non-busy waiting and non-transactional actions}},
}

@inproceedings{gentry:stoc09:fhe,
 author = {Gentry, Craig},
 booktitle = {Proc. of the 41st annual ACM symposium on Theory of computing},
 title = {Fully homomorphic encryption using ideal lattices},
 year = {2009},
}

@inproceedings{brakerski:itcs12:bgv,
 author = {Brakerski, Zvika and Gentry, Craig and Vaikuntanathan, Vinod},
 booktitle = {Proc. of the 3rd Innovations in Theoretical Computer Science Conf.},
 title = {Fully homomorphic encryption without bootstrapping},
 year = {2012},
}

@inproceedings{cheon:asiacrypt2017:ckks,
 author = {Cheon, Hung Hee and Kim, Andrey and Kim, Miran and Song, Yongsoo},
 booktitle = {International Conference on the Theory and Application of Cryptology and Information Security},
 title = {Homomorphic encryption for arithmetic of approximate numbers},
 year = {2017},
}

@inproceedings{halevi:acc14:algo-helib,
 author = {Halevi, Shai and Shoup, Victor},
 booktitle = {Annual Cryptology Conference},
 title = {Algorithms in HElib},
 year = {2014},
}

@inproceedings{han:iaai19:he-logreg,
 author = {Han, Kyoohyung and Hong, Seungwan and Cheon, Jung Hee and Park, Daejun},
 booktitle = {The 31st AAAI Conference on Innovative Applications of Artificial Intelligence},
 title = {Logistic Regression on Homomorphic Encrypted Data at Scale},
 year = {2019},
}

@inproceedings{dowlin:icml16:cryptonets,
 author = {Dowlin, Nathan and Gilad-Bachrach, Ran and Laine, Kim and Lauter, Kristin and Naehrig, Michael and Wernsing, John},
 booktitle = {Proc. of the 33rd International Conf. on Machine Learning},
 title = {CryptoNets: Applying Neural Networks to Encrypted Data with High Throughput and Accuracy},
 year = {2016}
}

@misc{palisade,
 author = {{PALISADE Lattice Cryptography Library}},
 title = {\url{https://palisade-crypto.org/}},
}

@misc{helib,
 author = {{HElib}},
 title = {\url{http://homenc.github.io/HElib/}},
}

@misc{seal,
 author = {{Microsoft SEAL}},
 title = {\url{https://www.microsoft.com/en-us/research/project/microsoft-seal/}},
}

@inproceedings{riazi:asplos20:heax,
 author = {Riazi, M. Sadegh and Laine, Kim and Pelton, Blake and Dai, Wei},
 booktitle = {Proc. of the 25th International Conf. on Architectural Support for Programming Languages and Operating Systems},
 title = {HEAX: An Architecture for Computing on Encrypted Data},
 year = {2020},
}

@inproceedings{roy:hpca19:he-fpga,
  title={FPGA-based high-performance parallel architecture for homomorphic computing on encrypted data},
  author={Roy, Sujoy Sinha and Turan, Furkan and Jarvinen, Kimmo and Vercauteren, Frederik and Verbauwhede, Ingrid},
  booktitle={2019 IEEE International Symposium on High Performance Computer Architecture (HPCA)},
  year={2019},
}
