@phdthesis{asanovic:ucb98:vector,
    Author = {Asanovic, Krste},
    Title = {Vector Microprocessors},
    School = {EECS Department, University of California, Berkeley},
    Year = {1998},
    URL = {http://www2.eecs.berkeley.edu/Pubs/TechRpts/1998/6404.html},
    note = {archived at \url{https://perma.cc/AHR3-AMLG}},
    Number = {UCB/CSD-98-1014},
}

@article{choquette2021nvidia,
  title={NVIDIA A100 Tensor Core GPU: Performance and innovation},
  author={Choquette, Jack and Gandhi, Wishwesh and Giroux, Olivier and Stam, Nick and Krashinsky, Ronny},
  journal={micro21}
}

@article{peikert2016decade,
  title={A decade of lattice cryptography},
  author={Peikert, Chris},
  journal={Foundations and Trends in Theoretical Computer Science},
  volume={10},
  number={4},
  year={2016},
}

@inproceedings{cousins:hpec12:sipher-fpga,
author={D. B. {Cousins} and K. {Rohloff} and C. {Peikert} and R. {Schantz}},  
booktitle={Proceedings of the IEEE Conference on High Performance Extreme Computing (HPEC)},
title={An update on {SIPHER} ({S}calable {I}mplementation of {P}rimitives for {H}omomorphic {E}nc{R}yption) - {FPGA} implementation using {S}imulink},
year={2012},  
}

@article{cousins:tetc17:fpga-he,
 author={D. B. {Cousins} and K. {Rohloff} and D. {Sumorok}},
 journal={IEEE Transactions on Emerging Topics in Computing}, 
 title={Designing an {FPGA}-Accelerated Homomorphic Encryption Co-Processor}, 
 year={2017},
 volume={5},
 number={2},
}

@article{rambuswhite,
 journal={Rambus Inc. White Paper}, 
 title={{HBM2E} and {GDDR6}: Memory Solutions for {AI}}, 
 year={2020},
}

@article{turan:tc20:heaws,
 author = {Furkan Turan and Sujoy Roy and Ingrid Verbauwhede},
 journal = {IEEE Transactions on Computers},
 title = {{HEAWS: An Accelerator for Homomorphic Encryption on the Amazon AWS FPGA}},
 year = {2020},
}

@article{wang2018pipelined,
  title={Pipelined algorithm and modular architecture for matrix transposition},
  author={Wang, Yunxiang and Ma, Zhenguo and Yu, Feng},
  journal={IEEE Transactions on Circuits and Systems II: Express Briefs},
  volume={66},
  number={4},
  year={2018},
}

@article{zhang2020novel,
  title={A Novel Pipelined Algorithm and Modular Architecture for Non-square Matrix Transposition},
  author={Zhang, Bo and Ma, Zhenguo and Yu, Feng},
  journal={IEEE Transactions on Circuits and Systems II: Express Briefs},
  year={2020},
}

@article{shang2014single,
  title={Single-port SRAM-based transpose memory with diagonal data mapping for large size 2-D DCT/IDCT},
  author={Shang, Qing and Fan, Yibo and Shen, Weiwei and Shen, Sha and Zeng, Xiaoyang},
  journal={IEEE Transactions on Very Large Scale Integration (VLSI) Systems},
  volume={22},
  number={11},
  year={2014},
}

@article{mert:tvlsi20:bfv-accel,
 author = {Mert, Ahmet Can and {\"O}zt{\"u}rk, Erdin{\c{c}} and Sava{\c{s}}, Erkay},
 journal = {IEEE Transactions on Very Large Scale Integration (VLSI) Systems},
 title = {{Design and Implementation of Encryption/Decryption Architectures for BFV Homomorphic Encryption Scheme}},
 year = {2019},
}

@inproceedings{cousins:hpec14:fpga-he,
  author    = {David Bruce Cousins and
               John Golusky and
               Kurt Rohloff and
               Daniel Sumorok},
  title     = {An {FPGA} co-processor implementation of Homomorphic Encryption},
  booktitle = {Proceedings of the IEEE Conference on High Performance Extreme Computing (HPEC)},
  year      = {2014}
}
%ref 4
@article{roy:tc17:hw-assisted-fhe,
  author    = {Sujoy Sinha Roy and
               Frederik Vercauteren and
               Jo Vliegen and
               Ingrid Verbauwhede},
  title     = {Hardware Assisted Fully Homomorphic Function Evaluation and Encrypted
               Search},
  journal   = {{IEEE} Trans. Computers},
  volume    = {66},
  number    = {9},
  year      = {2017}
}
@inproceedings{roy:hpca19:fpga-he,
  author    = {Sujoy Sinha Roy and
               Furkan Turan and
               Kimmo J{\"{a}}rvinen and
               Frederik Vercauteren and
               Ingrid Verbauwhede},
  title     = {FPGA-Based High-Performance Parallel Architecture for Homomorphic
               Computing on Encrypted Data},
  crossref = {hpca19}
}
@article{migliore:tecs17:he-karatsuba,
  author    = {Vincent Migliore and
               C{\'{e}}dric Seguin and
               Maria Mendez Real and
               Vianney Lapotre and
               Arnaud Tisserand and
               Caroline Fontaine and
               Guy Gogniat and
               Russell Tessier},
  title     = {A High-Speed Accelerator for Homomorphic Encryption using the Karatsuba
               Algorithm},
  journal   = {{ACM} Trans. Embedded Comput. Syst.},
  volume    = {16},
  number    = {5s},
  year      = {2017}
}

@article{doroz:tc15:accelerating-fhe,
  author    = {Yarkin Dor{\"{o}}z and
               Erdin{\c{c}} {\"{O}}zt{\"{u}}rk and
               Berk Sunar},
  title     = {Accelerating Fully Homomorphic Encryption in Hardware},
  journal   = {{IEEE} Trans. Computers},
  volume    = {64},
  number    = {6},
  year      = {2015}
}

@article{wang:tvlsi14:mult-fhe, 
  author    = {Wei Wang and
               Xinming Huang and
               Niall Emmart and
               Charles C. Weems},
  title     = {{VLSI} Design of a Large-Number Multiplier for Fully Homomorphic Encryption},
  journal   = {{IEEE} Trans. Very Large Scale Integr. Syst.},
  volume    = {22},
  number    = {9},
  year      = {2014}
}


@article{al:emerging19:implementation,
 author = {Al Badawi, Ahmad Qaisar Ahmad and Polyakov, Yuriy and Aung, Khin Mi Mi and Veeravalli, Bharadwaj and Rohloff, Kurt},
 journal = {IEEE Transactions on Emerging Topics in Computing},
 title = {Implementation and performance evaluation of {RNS} variants of the {BFV} homomorphic encryption scheme},
 year = {2019},
}

@inproceedings{wang:hpec12:fhe-gpu,
  title={Accelerating fully homomorphic encryption using GPU},
  author={Wang, Wei and Hu, Yin and Chen, Lianmu and Huang, Xinming and Sunar, Berk},
  booktitle={Proceedings of the IEEE Conference on High Performance Extreme Computing (HPEC)},
  year={2012},
  organization={IEEE}
}

@inproceedings{moenck1976practical,
  title={Practical fast polynomial multiplication},
  author={Moenck, Robert T},
  booktitle={Proceedings of the third ACM symposium on Symbolic and algebraic computation},
  year={1976}
}

@inproceedings{garner1959residue,
  title={The residue number system},
  author={Garner, Harvey L},
  booktitle={Papers presented at the the March 3-5, 1959, western joint computer conference},
  year={1959}
}


@inproceedings{wang:iscas14:leveled-gpu,
  title={Accelerating leveled fully homomorphic encryption using GPU},
  author={Wang, Wei and Chen, Zhilu and Huang, Xinming},
  booktitle={2014 IEEE International Symposium on Circuits and Systems (ISCAS)},
  year={2014},
  organization={IEEE}
}

@article{wang:tc13:fhe-gpu,
  title={Exploring the feasibility of fully homomorphic encryption},
  author={Wang, Wei and Hu, Yin and Chen, Lianmu and Huang, Xinming and Sunar, Berk},
  journal={IEEE Transactions on Computers},
  volume={64},
  number={3},
  year={2013},
}

@inproceedings{alperin:crypto13:practical,
 author = {Alperin-Sheriff, Jacob and Peikert, Chris},
 booktitle = {Proceedings of the Annual Cryptology Conference (CRYPTO)},
 title = {Practical bootstrapping in quasilinear time},
 year = {2013},
}

@book{asanovic1998vector,
 author = {Asanovic, Krste},
 publisher = {University of California, Berkeley},
 title = {Vector microprocessors},
 year = {1998},
}

@article{awaga:micro93:mu,
 author = {Awaga, Makoto and Takahashi, Hiromasa},
 title = {The mu {VP} 64-bit vector coprocessor: a new implementation of high-performance numerical computation},
 crossref={micro93}
}

@inproceedings{bailey:supercomputing89:FFTs,
 author = {Bailey, David H},
 booktitle = {Proceedings of the 1989 ACM/IEEE conference on Supercomputing},
 title = {{FFT}s in external of hierarchical memory},
 year = {1989},
}

@inproceedings{barany:odes2011:register,
 author = {Barany, Gerg{\"o}},
 booktitle = {9th Workshop on Optimizations for {DSP} and Embedded Systems (ODES-9), Chamonix, France},
 title = {Register reuse scheduling},
 year = {2011},
}

@inproceedings{berson:pact1993:ursa,
 author = {Berson, David A and Gupta, Rajiv and Soffa, Mary Lou},
 booktitle = {Architectures and Compilation Techniques for Fine and Medium Grain Parallelism},
 title = {{URSA: A Unified ReSource Allocator for Registers and Functional Units in VLIW Architectures.}},
 year = {1993},
}

@article{blatt:nas20:secure,
 author = {Blatt, Marcelo and Gusev, Alexander and Polyakov, Yuriy and Goldwasser, Shafi},
 journal = {Proceedings of the National Academy of Sciences},
 number = {21},
 publisher = {National Academy Sciences},
 title = {Secure large-scale genome-wide association studies using homomorphic encryption},
 volume = {117},
 year = {2020},
}

@article{blelloch:acm1999:provably,
 author = {Blelloch, Guy E and Gibbons, Phillip B and Matias, Yossi},
 journal = {Journal of the ACM (JACM)},
 number = {2},
 title = {Provably efficient scheduling for languages with fine-grained parallelism},
 volume = {46},
 year = {1999},
}

@inproceedings{brakerski:crypto12:fully,
 author = {Brakerski, Zvika},
 booktitle = {Proceedings of the Annual Cryptology Conference (CRYPTO)},
 title = {Fully homomorphic encryption without modulus switching from classical {GapSVP}},
 year = {2012},
}

@article{brakerski:toct14:leveled,
 author = {Brakerski, Zvika and Gentry, Craig and Vaikuntanathan, Vinod},
 journal = {ACM Transactions on Computation Theory (TOCT)},
 number = {3},
 title = {(Leveled) fully homomorphic encryption without bootstrapping},
 volume = {6},
 year = {2014},
}


@article{cavalcante:vlsi19:ara,
 author = {Cavalcante, Matheus and Schuiki, Fabian and Zaruba, Florian and Schaffner, Michael and Benini, Luca},
 journal = {IEEE Transactions on Very Large Scale Integration (VLSI) Systems},
 number = {2},
 title = {Ara: A 1-ghz+ scalable and energy-efficient risc-v vector processor with multiprecision floating-point support in 22-nm fd-soi},
 volume = {28},
 year = {2019},
}

@inproceedings{cheon:eurocrypt2018:bootstrapping,
 author = {Cheon, Jung Hee and Han, Kyoohyung and Kim, Andrey and Kim, Miran and Song, Yongsoo},
 booktitle = {Proceedings of the Annual International Conference on the Theory and Applications of Cryptographic Techniques (EUROCRYPT)},
 title = {Bootstrapping for approximate homomorphic encryption},
 year = {2018},
}

@inproceedings{cheon:ictaci17:homomorphic,
 author = {Cheon, Jung Hee and Kim, Andrey and Kim, Miran and Song, Yongsoo},
 booktitle = {International Conference on the Theory and Application of Cryptology and Information Security},
 title = {Homomorphic encryption for arithmetic of approximate numbers},
 year = {2017},
}

@article{cooley:moc65:algorithm,
 author = {Cooley, James W and Tukey, John W},
 journal = {Mathematics of computation},
 number = {90},
 title = {An algorithm for the machine calculation of complex {Fourier} series},
 volume = {19},
 year = {1965},
}

@article{cousins:emerging16:designing,
 author = {Cousins, David Bruce and Rohloff, Kurt and Sumorok, Daniel},
 journal = {IEEE Transactions on Emerging Topics in Computing},
 number = {2},
 title = {Designing an {FPGA}-accelerated homomorphic encryption co-processor},
 volume = {5},
 year = {2016},
}

@misc{intel,
author={Altavilla, Dave},
title={{Intel and Microsoft Collaborate on DARPA Program that Pioneers A New Frontier Of Ultra-Secure Computing}},
howpublished={\url{https://www.forbes.com/sites/davealtavilla/2021/03/08/intel-and-microsoft-collaborate-on-darpa-program-that-pioneers-a-new-frontier-of-ultra-secure-computing/?sh=60db31567c1a} archived at \url{https://perma.cc/YYE6-5FT4}},
publisher={Forbes}
}

@misc{ibm,
author = {Bergamaschi, Flavio},
title= {{IBM Releases Fully Homomorphic Encryption Toolkit for MacOS and iOS}},
howpublished={\url{https://www.ibm.com/blogs/research/2020/06/ibm-releases-fully-homomorphic-encryption-toolkit-for-macos-and-ios-linux-and-android-coming-soon/} archived at \url{https://perma.cc/U5TQ-K49C}},
publisher={{IBM}}
}

@misc{dprive,
author={{DARPA}},
title={{DARPA Selects Researchers to Accelerate Use of Fully Homomorphic Encryption}},
howpublished={\url{https://www.darpa.mil/news-events/2021-03-08} archived at \url{https://perma.cc/6GHW-2MSN}}
}

@inproceedings{dathathri:pldi19:chet,
 author = {Dathathri, Roshan and Saarikivi, Olli and Chen, Hao and Laine, Kim and Lauter, Kristin and Maleki, Saeed and Musuvathi, Madanlal and Mytkowicz, Todd},
 title = {{CHET}: an optimizing compiler for fully-homomorphic neural-network inferencing},
 crossref = {pldi19}
}

@inproceedings{dathathri:pldi20:eva,
 author = {Dathathri, Roshan and Kostova, Blagovesta and Saarikivi, Olli and Dai, Wei and Laine, Kim and Musuvathi, Madan},
 crossref = {pldi20},
 title = {Eva: An encrypted vector arithmetic language and compiler for efficient homomorphic computation}
}

@inproceedings{doroz:euromicro13:evaluating,
 author = {Dor{\"o}z, Yarkin and {\"O}zt{\"u}rk, Erdin{\c{c}} and Sunar, Berk},
 booktitle = {2013 Euromicro Conference on Digital System Design},
 organization = {IEEE},
 title = {Evaluating the hardware performance of a million-bit multiplier},
 year = {2013},
}

@article{doroz:trans14:accelerating,
 author = {Dor{\"o}z, Yark{\i}n and {\"O}zt{\"u}rk, Erdin{\c{c}} and Sunar, Berk},
 journal = {IEEE Transactions on Computers},
 number = {6},
 title = {Accelerating fully homomorphic encryption in hardware},
 volume = {64},
 year = {2014},
}

@article{ducas:iacr14:fhe,
 author = {Ducas, L{\'e}o and Micciancio, Daniele},
 journal = {IACR Cryptol. ePrint Arch.},
 title = {{FHE} Bootstrapping in less than a second.},
 volume = {2014},
 year = {2014},
}

@book{dummit:wiley04:abstract,
 author = {Dummit, David Steven and Foote, Richard M},
 publisher = {Wiley Hoboken},
 title = {Abstract algebra},
 volume = {3},
 year = {2004},
}

@article{fan:iacr12:somewhat,
 author = {Fan, Junfeng and Vercauteren, Frederik},
 journal = {IACR Cryptol. ePrint Arch.},
 title = {Somewhat practical fully homomorphic encryption.},
 volume = {2012},
 year = {2012},
}

@inproceedings{fisher:isca83:very,
 author = {Fisher, Joseph A},
 crossref = {isca83},
 title = {Very long instruction word architectures and the {ELI-512}},
}

@phdthesis{gentry09,
    Author = {Gentry, Craig},
    Title = {A fully homomorphic encryption scheme},
    School = {Department of Computer Science, Stanford University},
    Year = {2009}
}

@inproceedings{gentry:crypto13:homomorphic,
 author = {Gentry, Craig and Sahai, Amit and Waters, Brent},
 booktitle = {Proceedings of the Annual Cryptology Conference (CRYPTO)},
 title = {Homomorphic encryption from learning with errors: Conceptually-simpler, asymptotically-faster, attribute-based},
 year = {2013},
}

@inproceedings{gentry:crypto2012:homomorphic,
 author = {Gentry, Craig and Halevi, Shai and Smart, Nigel P},
 booktitle = {Proceedings of the Annual Cryptology Conference (CRYPTO)},
 title = {Homomorphic evaluation of the {AES} circuit},
 year = {2012},
}

@misc{sealcrypto,
    title = {{M}icrosoft {SEAL} (release 3.6)},
    howpublished = {\url{https://github.com/Microsoft/SEAL} archived at \url{https://perma.cc/32KH-BEMS}},
    month = nov,
    year = 2020,
    note = {Microsoft Research, Redmond, WA.},
    key = {SEAL}
}

@article{belady1966study,
  title={A study of replacement algorithms for a virtual-storage computer},
  author={Belady, Laszlo A.},
  journal={IBM Systems journal},
  volume={5},
  number={2},
  year={1966},
  publisher={IBM}
}

@inproceedings{gilad:icml16:cryptonets,
 author = {Gilad-Bachrach, Ran and Dowlin, Nathan and Laine, Kim and Lauter, Kristin and Naehrig, Michael and Wernsing, John},
 booktitle = {Proceedings of the International Conference on Machine Learning (ICML)},
 title = {Cryptonets: Applying neural networks to encrypted data with high throughput and accuracy},
 year = {2016},
}

@inproceedings{goodman:ics1988:code,
 author = {Goodman, James R and Hsu, W-C},
 booktitle = {ACM International Conference on Supercomputing 25th Anniversary Volume},
 title = {Code scheduling and register allocation in large basic blocks},
 year = {1988},
}

@inproceedings{grossschadl:acsac00:chinese,
 author = {Grossschadl, Johann},
 booktitle = {Proceedings 16th Annual Computer Security Applications Conference (ACSAC'00)},
 organization = {IEEE},
 title = {The Chinese remainder theorem and its application in a high-speed {RSA} crypto chip},
 year = {2000},
}

@inproceedings{halevi:crypto14:algorithms,
 author = {Halevi, Shai and Shoup, Victor},
 booktitle = {Proceedings of the Annual Cryptology Conference (CRYPTO)},
 title = {Algorithms in HElib},
 year = {2014},
}

@inproceedings{halevi:eurocrypt2015:bootstrapping,
 author = {Halevi, Shai and Shoup, Victor},
 booktitle = {Annual International conference on the theory and applications of cryptographic techniques (EUROCRYPT)},
 title = {Bootstrapping for HElib},
 year = {2015},
}

@inproceedings{han:aaai19:logistic,
 author = {Han, Kyoohyung and Hong, Seungwan and Cheon, Jung Hee and Park, Daejun},
 booktitle = {Proceedings of the AAAI Conference on Artificial Intelligence},
 number = {01},
 title = {Logistic regression on homomorphic encrypted data at scale},
 volume = {33},
 year = {2019},
}

@article{han:iacr18:efficient,
 author = {Han, Kyoohyung and Hong, Seungwan and Cheon, Jung Hee and Park, Daejun},
 journal = {IACR Cryptol. ePrint Arch.},
 title = {Efficient Logistic Regression on Large Encrypted Data.},
 volume = {2018},
 year = {2018},
}

@techreport{ibm20:breach-cost-report,
 author = {{IBM}},
 title = {{Cost of a Data Breach Report}},
 year = {2020},
}

@inproceedings{juvekar2018gazelle,
 author = {Juvekar, Chiraag and Vaikuntanathan, Vinod and Chandrakasan, Anantha},
 booktitle = {27th {USENIX} Security Symposium ({USENIX} Security 18)},
 title = {{GAZELLE}: A low latency framework for secure neural network inference},
 year = {2018},
}

@inproceedings{lyubashevsky:tact10:ideal,
 author = {Lyubashevsky, Vadim and Peikert, Chris and Regev, Oded},
 booktitle = {Proceedings of the Annual International Conference on the Theory and Applications of Cryptographic Techniques},
 title = {On ideal lattices and learning with errors over rings},
 year = {2010},
}

@techreport{malekos-smith:csis20:hidden-costs-cybercrime,
 author = {Zhanna Malekos Smith and Eugenia Lostri and James A. Lewis},
 institution = {Center for Strategic and International Studies},
 title = {{The Hidden Costs of Cybercrime}},
 year = {2020},
}

@article{marchal:jpdc2019:limiting,
 author = {Marchal, Loris and Simon, Bertrand and Vivien, Fr{\'e}d{\'e}ric},
 journal = {Journal of Parallel and Distributed Computing},
 title = {Limiting the memory footprint when dynamically scheduling DAGs on shared-memory platforms},
 volume = {128},
 year = {2019},
}

@inproceedings{mert:euromicro19:design,
 author = {Mert, Ahmet Can and {\"O}zt{\"u}rk, Erdin{\c{c}} and Sava{\c{s}}, Erkay},
 booktitle = {2019 22nd Euromicro Conference on Digital System Design (DSD)},
 organization = {IEEE},
 title = {Design and implementation of a fast and scalable {NTT}-based polynomial multiplier architecture},
 year = {2019},
}

@article{migliore:tecs17:high,
 author = {Migliore, Vincent and Seguin, C{\'e}dric and Real, Maria M{\'e}ndez and Lapotre, Vianney and Tisserand, Arnaud and Fontaine, Caroline and Gogniat, Guy and Tessier, Russell},
 journal = {ACM Transactions on Embedded Computing Systems (TECS)},
 number = {5s},
 title = {A high-speed accelerator for homomorphic encryption using the Karatsuba algorithm},
 volume = {16},
 year = {2017},
}

@article{montgomery:mom85:modular,
 author = {Montgomery, Peter L},
 journal = {Mathematics of computation},
 number = {170},
 title = {Modular multiplication without trial division},
 volume = {44},
 year = {1985},
}

@inproceedings{ozer:micro1998:unified,
 author = {Ozer, Emre and Banerjia, Sanjeev and Conte, Thomas M},
 title = {Unified assign and schedule: A new approach to scheduling for clustered register file microarchitectures},
 crossref = {micro98}
}

@article{passas:tocaid12:crossbar,
 author = {Passas, Giorgos and Katevenis, Manolis and Pnevmatikatos, Dionisios},
 journal = {IEEE Transactions on Computer-Aided Design of Integrated Circuits and Systems},
 number = {4},
 title = {Crossbar {NoCs} are scalable beyond 100 nodes},
 volume = {31},
 year = {2012},
}

@inproceedings{pellauer:asplos19:buffets,
 author = {Pellauer, Michael and Shao, Yakun Sophia and Clemons, Jason and Crago, Neal and Hegde, Kartik and Venkatesan, Rangharajan and Keckler, Stephen W and Fletcher, Christopher W and Emer, Joel},
 title = {Buffets: An efficient and composable storage idiom for explicit decoupled data orchestration},
 crossref = {asplos19}
}


@inproceedings{brutzkus:icml19:low,
 author = {Brutzkus, Alon and Gilad-Bachrach, Ran and Elisha, Oren},
 booktitle = {Proceedings of the International Conference on Machine Learning (ICML)},
 title = {Low latency privacy preserving inference},
 year = {2019},
}

@article{polyakov:17:palisade,
 author = {Polyakov, Yuriy and Rohloff, Kurt and Ryan, Gerard W},
 journal = {Cybersecurity Research Center, New Jersey Institute ofTechnology (NJIT), Tech. Rep},
 title = {Palisade lattice cryptography library user manual},
 volume = {15},
 year = {2017},
}

@article{reagen:hpca21:cheetah,
 author = {Reagen, Brandon and Choi, Wooseok and Ko, Yeongil and Lee, Vincent and Wei, Gu-Yeon and Lee, Hsien-Hsin S and Brooks, David},
 title = {Cheetah: Optimizations and methods for privacy preserving inference via homomorphic encryption},
 crossref = {hpca21}
}

@inproceedings{riazi:asplos20:heax,
 author = {Riazi, M Sadegh and Laine, Kim and Pelton, Blake and Dai, Wei},
 title = {{HEAX}: An architecture for computing on encrypted data},
 crossref = {asplos20},
}

@article{russell:cacm78:cray,
 author = {Russell, Richard M},
 journal = {Communications of the ACM},
 number = {1},
 title = {The {CRAY-1} computer system},
 volume = {21},
 year = {1978},
}

@inproceedings{sanchez:isss00:instruction,
 author = {Sanchez, Jesus and Gonzalez, Antonio},
 booktitle = {Proceedings 13th International Symposium on System Synthesis},
 organization = {IEEE},
 title = {Instruction scheduling for clustered {VLIW} architectures},
 year = {2000},
}

@article{smith:sigarch82:decoupled,
 author = {Smith, James E},
 journal = {ACM SIGARCH Computer Architecture News},
 number = {3},
 title = {Decoupled access/execute computer architectures},
 volume = {10},
 year = {1982},
}

@article{touati:ijpp2005:register,
 author = {Touati, Sid Ahmed Ali},
 journal = {International Journal of Parallel Programming},
 title = {Register saturation in instruction level parallelism},
 volume = {33},
 year = {2005},
}

@article{turan:trans20:heaws,
 author = {Turan, Furkan and Roy, Sujoy Sinha and Verbauwhede, Ingrid},
 journal = {IEEE Transactions on Computers},
 number = {8},
 title = {HEAWS: An Accelerator for Homomorphic Encryption on the Amazon {AWS FPGA}},
 volume = {69},
 year = {2020},
}

@article{wang:vlsi13:vlsi,
 author = {Wang, Wei and Huang, Xinming and Emmart, Niall and Weems, Charles},
 journal = {IEEE Transactions on Very Large Scale Integration (VLSI) Systems},
 number = {9},
 title = {{VLSI design of a large-number multiplier for fully homomorphic encryption}},
 volume = {22},
 year = {2013},
}

@article{xu:sigplan2007:tetris,
 author = {Xu, Weifeng and Tessier, Russell},
 journal = {ACM SIGPLAN Notices},
 number = {7},
 title = {Tetris: a new register pressure control technique for {VLIW} processors},
 volume = {42},
 year = {2007},
}


@inproceedings{dasgupta20208,
  title={{8.4 Radeon RX 5700 Series: The AMD 7nm Energy-Efficient High-Performance GPUs}},
  author={Dasgupta, Sal and Singh, Teja and Jain, Ashish and Naffziger, Samuel and John, Deepesh and Bisht, Chetan and Jayaraman, Pradeep},
  booktitle={2020 IEEE International Solid-State Circuits Conference-(ISSCC)},
  year={2020},
  organization={IEEE}
}

@article{kim:jmir18:helr,
  title={Secure logistic regression based on homomorphic encryption: Design and evaluation},
  author={Kim, Miran and Song, Yongsoo and Wang, Shuang and Xia, Yuhou and Jiang, Xiaoqian},
  journal={JMIR medical informatics},
  volume={6},
  number={2},
  year={2018}
}

@incollection{ge2011design,
  title={The Design and Implementation of DDR PHY Static Low-Power Optimization Strategies},
  author={Ge, Wei and Zhao, Mengnan and Wu, Cheng and He, Jun},
  booktitle={Communication Systems and Information Technology},
  year={2011},
}


@article{albrecht:hesg18:standard,
  title={Homomorphic encryption security standard},
  author={Albrecht, Martin and Chase, Melissa and Chen, Hao and Ding, Jintai and Goldwasser, Shafi and Gorbunov, Sergey and Halevi, Shai and Hoffstein, Jeffrey and Laine, Kim and Lauter, Kristin and others},
  journal={Toronto, ON, Canada},
  year={2018}
}

@article{lecunn:ieee98:gradient-document,
  title={Gradient-based learning applied to document recognition},
  author={Y. {Lecun} and L. {Bottou} and Y. {Bengio} and P. {Haffner}},
  journal={IEEE},
  volume={86},
  number={11},
  year={1998},
}

@inproceedings{howard2019searching,
  title={Searching for mobilenetv3},
  author={Howard, Andrew and Sandler, Mark and Chu, Grace and Chen, Liang-Chieh and Chen, Bo and Tan, Mingxing and Wang, Weijun and Zhu, Yukun and Pang, Ruoming and Vasudevan, Vijay and others},
  booktitle={Proceedings of the IEEE/CVF International Conference on Computer Vision},
  year={2019}
}

@article{vanderhagen:arxiv21:choco,
  title={Practical Encrypted Computing for IoT Clients},
  author={van der Hagen, McKenzie and Lucia, Brandon},
  journal={arXiv preprint arXiv:2103.06743},
  year={2021}
}

@techreport{cifar10,
  title={Learning multiple layers of features from tiny images},
  author={Krizhevsky, Alex},
  institution={University of Toronto},
  year={2009},
}

@inproceedings{lam1989software,
  title={Software pipelining},
  author={Lam, Monica S},
  crossref={pldi88}
}

@inproceedings{karatsuba:1962:multiplication,
  title={Multiplication of many-digital numbers by automatic computers},
  author={Karatsuba, Anatolii Alekseevich and Ofman, Yu P},
  booktitle={Proceedings of the USSR Academy of Sciences},
  volume={145},
  number={2},
  year={1962}
}
